% ---------------------------
% CERN Websites 
% ---------------------------
@misc{hilumi,
	  author        = {{CERN}},
	  title         = "The {HL-LHC} project",
	  year          = {2020},
	  howpublished  = "\url{https://hilumilhc.web.cern.ch/content/hl-lhc-project}", 
	  note          = {(Accessed September 29th 2020)},
}

@misc{collab,
	  author        = {{CERN}},
	  title         = {The ATLAS Collaboration},
	  year          = {2020},
	  note          = {(Accessed: 3rd February 2020)},
	  howpublished  = "\url{https://atlas.cern/discover/collaboration}", 
}

@misc{CERNhistory,
	  author        = {{CERN}},
	  title         = "Where did it all begin?",
	  year          = {2019},
	  howpublished  = "\url{https://home.cern/about/who-we-are/our-history}",
	  note          = {(Accessed: 2nd February 2020)},
}

@misc{CERNmission,
	  author        = {{CERN}},
	  title         = "{Our Mission}",
	  year          = {2020},
	  howpublished  = "\url{https://home.cern/about/who-we-are/our-mission}", 
	  note          = {(Accessed: 2nd February 2020)},
}

@misc{CERNorigins,
	  author        = {{CERN}},
	  title         = "Origins",
	  year          = {2020},
	  howpublished  = "\url{https://timeline.web.cern.ch/origins}", 
	  note          = {(Accessed: 2nd February 2020)},
}

@misc{ThePS,
	  author        = {{CERN}},
	  title         = "{The Proton Synchrotron}",
	  year          = {2020},
	  howpublished  = "\url{https://home.cern/science/accelerators/proton-synchrotron}",
	  note          = {(Accessed: 2nd February 2020)},
}

@misc{TheSPS,
	  author        = {{CERN Courier}},
	  title         = "{Super Proton Synchrotron Marks Its 25th Birthday}",
	  year          = {2001},
	  howpublished  = "\url{https://cerncourier.com/a/super-proton-synchrotron-marks-its-25th-birthday/}", 
	  note          = {(Accessed: 2nd February 2020)},
}

@misc{TheLEPc,
	  author        = {CERN},
	  title         = "{The Large Electron-Positron Collider}",
	  year          = {2020},
	  howpublished  = "\url{https://home.cern/science/accelerators/large-electron-positron-collider}",
	  note          = {(Accessed: 5th February 2020)},
}

@misc{CERNaccCompInfo,
	  author        = {CERN},
	  title         = "{CERN's Accelerator Complex}",
	  year          = {2020},
	  howpublished  = "\url{https://home.cern/science/accelerators/accelerator-complex}", 
	  note          = {(Accessed: 10th February 2020)},
}

@misc{CERNMagnets,
	  author        = {CERN},
	  title         = "{LHC Magnet Types}",
	  year          = {2014},
	  howpublished  = "\url{https://lhc-machine-outreach.web.cern.ch/components/magnets/types_of_magnets.htm}", 
	  note          = {(Accessed: 11th February 2020)},
}

@misc{Zboson,
	  author        = {CERN},
	  title         = "{The Z Boson}",
	  year          = {2020},
	  howpublished  = "\url{https://home.cern/science/physics/z-boson}", 
	  note          = {(Accessed: 11th September 2020)},
}

% Experimental Grey Book Links
% ---------------------------
@misc{ALICE,
	  author        = {CERN},
	  title         = "{ALICE}",
	  year          = {2019},
	  howpublished  = "\url{https://greybook.cern.ch/greybook/experiment/detail?id=ALICE}",
	  note          = {(Accessed: 12th February 2020)},
}

@misc{ATLAS,
	  author        = {CERN},
	  title         = "{ATLAS}",
	  year          = {2019},
	  howpublished  = "\url{https://greybook.cern.ch/greybook/experiment/detail?id=ATLAS}",
	  note          = {(Accessed: 12th February 2020)}, 
}

@misc{AMS,
	  author        = {Kevin Kofal},
	  title         = "{AMS}",
	  year          = {2016},
	  howpublished  = "\url{https://ams.nasa.gov/}", 
	  note          = "(Accessed: 12th February 2020)",
}

@misc{CMS,
	  author        = {CERN},
	  title         = "{CMS}",
	  year          = {2019},
	  howpublished  = "\url{https://greybook.cern.ch/greybook/experiment/detail?id=CMS}",
	  note          = {(Accessed: 12th February 2020)},
}


@misc{COMPASS,
	  author        = {CERN},
	  title         = "{COMPASS}",
	  year          = {2019},
	  howpublished  = "\url{https://greybook.cern.ch/greybook/experiment/detail?id=COMPASS}",
	  note          = {(Accessed: 12th February 2020)},
}

@misc{LHCb,
	  author        = {CERN},
	  title         = "{LHC}b",
	  year          = {2019},
	  howpublished  = "\url{https://greybook.cern.ch/greybook/experiment/detail?id=LHCB}",
	  note          = {(Accessed: 12th February 2020)},
}

@misc{LHCf,
	  author        = {CERN},
	  title         = "{LHC}f",
	  year          = {2019},
	  howpublished  = "\url{https://greybook.cern.ch/greybook/experiment/detail?id=LHCF}", 
	  note          = {(Accessed: 12th February 2020)},
}

@misc{MoEDAL,
	  author        = {CERN},
	  title         = "{MoEDAL}",
	  year          = {2019},
	  howpublished  = "\url{https://greybook.cern.ch/greybook/experiment/detail?id=MoEDAL}",
	  note          = {(Accessed: 12th February 2020)},
}

@misc{NA62,
	  author        = {CERN},
	  title         = "{NA}62",
	  year          = {2019},
	  howpublished  = "\url{https://greybook.cern.ch/greybook/experiment/detail?id=NA62}",
	  note          = {(Accessed: 12th February 2020)},
}

@misc{TOTEM,
	  author        = {CERN},
	  title         = "{TOTEM}",
	  year          = {2019},
	  howpublished  = "\url{https://greybook.cern.ch/greybook/experiment/detail?id=TOTEM}",
	  note          = {(Accessed: 12th February 2020)},
}

% ---------------------------
% PDG Booklets
% ---------------------------
@book{PDG2019Update,
      author        = "Tanabashi, M. et al, (Particle Data Group)",
      title         = "{Particle Physics Booklet}",
      collaboration = "Particle Data Group",
      year          = "2018",
      note          = "Extracted from the {Review of Particle Physics} 
                       M.~Tanabashi {\it et al.} (Particle Data Group), Phys.\
                      Rev.\ D {\bf 98}, no.3 , 030001 (2018) and 2019 update",
      url           = {http://pdg.lbl.gov/2019/tables/contents_tables.html},
}

@book{PDG2018Booklet,
      author        = "Tanabashi, M. et al, (Particle Data Group)",
      title         = "{Particle Physics Booklet}",
      collaboration = "Particle Data Group",
      year          = "2018",
      note          = "Extracted from the {Review of Particle Physics} 
                       M.~Tanabashi {\it et al.} (Particle Data Group), Phys.\
                        Rev.\ D {\bf 98}, no.3 , 030001 (2018)",
      doi           = {10.1103/PhysRevD.98.030001},
}

@book{PDG2016Booklet,
      author        = "Patrignani, C. et al, (Particle Data Group)",
      title         = "{Particle Physics Booklet}",
      collaboration = "Particle Data Group",
      year          = "2016",
      note          = "Extracted from the {Review of Particle Physics} 
                       C.~Patrignani {\it et al.} (Particle Data Group), Chin.\
                        Phys.\ C {\bf 40}, no.10 , 100001 (2016)",
      doi           = {10.1088/1674-1137/40/10/100001},
}

@book{PDG2014Booklet,
      author        = "Olive, K.A. et al, (Particle Data Group)",
      title         = "{Particle Physics Booklet}",
      collaboration = "Particle Data Group",
      publisher     = "Chinese Physics C",   
      year          = "2014",
      note          = "Extracted from the {Review of Particle Physics}  K.A~Olive
                       {\it et al.} (Particle Data Group), Chin.\ Phys.\ C {\bf
                        38} , 090001 (2014)",
      doi           = {10.1088/1674-1137/38/9/090001}'
}

@book{PDG2012Booklet,
      author        = "Beringer, J. et al, (Particle Data Group)",
      title         = "{Particle Physics Booklet}",
      collaboration = "Particle Data Group",
      publisher     = "{APS} Physics",         
      year          = "2012",   
      note          = "Extracted from the {Review of Particle Physics} 
                      J.~Beringer {\it et al.} (Particle Data Group), Phys.\ Rev.
                      \ D {\bf 86}, 010001 (2012)",
      doi           = {10.1103/PhysRevD.86.010001}
}

@book{PDG2010Booklet,
      author        = "Nakamura, K. et al, (Particle Data Group)",
      title         = "{Particle Physics Booklet}",
      collaboration = "Particle Data Group",
      year          = "2010",
      publisher     = "Institute of Physics Publishing",      
      note          = "Extracted from the {Review of Particle Physics} 
                       K.~Nakamura {\it et al.} (Particle Data Group), Journal of Physics G {\bf 37}, 075021 (2010)",
      doi           = {10.1088/0954-3899/37/7A/075021}
}

@book{PDG2008Booklet,
      author        = "Amsler, C. et al, (Particle Data Group)",
      title         = "{Particle Physics Booklet}",
      collaboration = "Particle Data Group",
      year          = "2008",
      publisher     = "Elsevier",      
      note          = "Extracted from the {Review of Particle Physics} 
                       C.~Amsler {\it et al.} (Particle Data Group), Physics Letters {\bf B\ 667}, 1 (2008)",
      doi           = {10.1016/j.physletb.2008.07.018}
}

@book{PDG2006Booklet,
      author        = "Yao, Y-M. et al, (Particle Data Group)",
      title         = "{Particle Physics Booklet}",
      collaboration = "Particle Data Group",      
      year          = "2006",
      publisher     = "Institute of Physics Publishing",     
      note          = "Extracted from the {Review of Particle Physics}  Y-M.~Yao
                       {\it et al.} (Particle Data Group), Journal of Physics G
                       {\bf 33}, 1 (2006)",
      doi           = {10.1088/0954-3899/33/1/001}      
}

@book{PDG2002Booklet,
      author        = "Hagiwara, K. et al, (Particle Data Group)",
      title         = "{Particle Physics Booklet}",
      collaboration = "Particle Data Group",
      year          = "2002",
      publisher     = "American Institute of Physics",
      note          = "Extracted from the {Review of Particle Physics} 
                       K.~Hagiwara {\it et al.} (Particle Data Group), Phys.\
                       Rev.\ D {\bf 66}, 010001 (2002)",
      doi           = {10.1103/PhysRevD.66.010001}  
}

@book{PDG2000Booklet,
      author        = "Groom, D.E. et al, (Particle Data Group)",
      title         = "{Particle Physics Booklet}",
      collaboration = "Particle Data Group",
      year          = "2000",
      publisher     = "Springer",
      note          = "Extracted from the {Review of Particle Physics} 
      					D.E.~Groom {\it et al.} (Particle Data Group), The
      					 European Physical Journal {\bf C15}, 1 (2000)",
      url           = "https://cds.cern.ch/record/788143"  
}

@book{PDG1998Booklet,
      author        = "Caso, C. et al, (Particle Data Group)",
      title         = "{Particle Physics Booklet}",
      collaboration = "Particle Data Group",
      year          = "1998",
      publisher     = "Springer",
      note          = "Extracted from the {Review of Particle Physics}  
                        C.~Caso {\it et al.} (Particle Data Group), The European
                        Physical Journal {\bf C3}, 1 (1998)",
      doi           = {10.1007/s10052-998-0104-x}  
}

@book{PDG1994Booklet,
      author        = "Aguilar-Benitez, M. et al, (Particle Data Group)",
      title         = "{Particle Physics Booklet}",
      collaboration = "Particle Data Group",
      year          = "1994",
      publisher     = "American Institute of Physics",     
      note          = "Extracted from the {Review of Particle Properties}      
                       M.~Aguilar-Benitez {\it et al.} (Particle Data Group), 
                       Physical Review {\bf D50}, 1173 (1994)",
      doi           = {10.1103/PhysRevD.50.1173}  
}
% ---------------------------
% Technical Design Reports, Letter of Intents and Detector Specs.
% ---------------------------
@book{LOI,
	  author        = {\relax The {ATLAS} Collaboration},
	  title         = "{ATLAS Phase II Letter of Intent}",
	  year          = "2013",
	  reference     = "CERN-LHCC-2012-022-LHCC-1-022",
	  url           = "https://inspirehep.net/files/2ecbd8cca6cab9ab09aa49ed51249420"
}

@techreport{ITKTDR,
      author        = {\relax The {ATLAS} Collaboration},
      title         = "{Technical Design Report for the ATLAS Inner Tracker Strip
                       Detector}",
      institution   = "CERN",
      address       = "Geneva",
      number        = "CERN-LHCC-2017-005. ATLAS-TDR-025",
      month         = "Apr",
      year          = "2017",
      reportNumber  = "CERN-LHCC-2017-005",
      url           = "http://cds.cern.ch/record/2257755",
}

@book{ATLASDetInfo1997,
      title         = "{ATLAS inner detector: Technical Design Report, 1}",
      publisher     = "CERN",
      collaboration = "ATLAS Collaboration",
      address       = "Geneva",
      series        = "Technical Design Report ATLAS",
      year          = "1997",
      reportNumber  = "CERN-LHCC-97-016",
      url           = "https://cds.cern.ch/record/331063",
}

@book{ATLASDetInfo2008,
      author        = "Aad, G. et al, (ATLAS Collaboration)",
      title         = "{The ATLAS Experiment at the CERN Large Hadron Collider}",
      collaboration = "ATLAS",
      journal       = "JINST",
      volume        = "3",
      year          = "2008",
      pages         = "S08003",
      doi           = "10.1088/1748-0221/3/08/S08003",
      SLACcitation  = "%%CITATION = JINST,3,S08003;%%"
}

@book{ATLASSCTPix2014,
      author        = "Aad, Georges et al, (ATLAS Collaboration)",
      archivePrefix = "arXiv",
      collaboration = "ATLAS",
      doi           = "10.1088/1748-0221/9/08/P08009",
      eprint        = "1404.7473",
      journal       = "JINST",
      pages         = "P08009",
      primaryClass  = "hep-ex",
      reportNumber  = "CERN-PH-EP-2014-049",
      title         = "{Operation and performance of the ATLAS semiconductor
                       tracker}",
      volume        = "9",
      year          = "2014"
}

@book{IBL2018,
      author        = "Abbott, B. et al, (ATLAS Collaboration)",
      archivePrefix = "arXiv",
      collaboration = "ATLAS IBL",
      doi           = "10.1088/1748-0221/13/05/T05008",
      eprint        = "1803.00844",
      journal       = "JINST",
      number        = "05",
      pages         = "T05008",
      primaryClass  = "physics.ins-det",
      title         = "{Production and Integration of the ATLAS Insertable 
                       B-Layer}",
      volume        = "13",
      year          = "2018"
}

@book{MuonSpec,
      author        = "Aad, Georges et al, (ATLAS Collaboration)",
      title         = "{Resolution of the ATLAS muon spectrometer monitored
                        drift tubes in LHC Run 2}",
      collaboration = "ATLAS",
      journal       = "JINST",
      volume        = "14",
      year          = "2019",
      number        = "09",
      pages         = "P09011",
      doi           = "10.1088/1748-0221/14/09/P09011",
      eprint        = "1906.12226",
      archivePrefix = "arXiv",
      primaryClass  = "hep-ex",
      reportNumber  = "CERN-EP-2019-091",
      SLACcitation  = "%%CITATION = ARXIV:1906.12226;%%"
}

@book{MuonSpecCS,
      author        = "Aad, Georges et al, (ATLAS Collaboration)",
      title         = "{Performance of the ATLAS muon trigger in pp collisions
                       at $\sqrt{s}=8$ TeV}",
      collaboration = "ATLAS",
      journal       = "Eur. Phys. J.",
      volume        = "C75",
      year          = "2015",
      pages         = "120",
      doi           = "10.1140/epjc/s10052-015-3325-9",
      eprint        = "1408.3179",
      archivePrefix = "arXiv",
      primaryClass  = "hep-ex",
      reportNumber  = "CERN-PH-EP-2014-154",
      SLACcitation  = "%%CITATION = ARXIV:1408.3179;%%"
}

@book{MagnetTDR,
      title         = "{ATLAS magnet system: Technical Design Report, 1}",
      publisher     = "CERN",
      collaboration = "ATLAS Collaboration",
      address       = "Geneva",
      series        = "Technical Design Report ATLAS",
      year          = "1997",
      reportNumber  = "CERN-LHCC-97-018",
      url           = "http://cds.cern.ch/record/338080",
}

@book{BarrelToroidTDR,
      author        = "Badiou, J P and Beltramelli, J and Baze, J M and Belorgey,
                       J",
      title         = "{ATLAS barrel toroid: Technical Design Report}",
      publisher     = "CERN",
      collaboration = "ATLAS Collaboration",
      address       = "Geneva",
      series        = "Technical Design Report ATLAS",
      year          = "1997",
      reportNumber  = "CERN-LHCC-97-019",
      url           = "http://cds.cern.ch/record/331065",
      note          = "Electronic version not available",
}

@book{EndcapToroidTDR,
      title         = "{ATLAS end-cap toroids: Technical Design Report}",
      publisher     = "CERN",
      collaboration = "ATLAS Collaboration",
      address       = "Geneva",
      series        = "Technical Design Report ATLAS",
      year          = "1997",
      reportNumber  = "CERN-LHCC-97-020",
      url           = "http://cds.cern.ch/record/331066",
      note          = "Electronic version not available",
}

@techreport{TRTPaper,
      author        = "Vogel, A",
      title         = "{ATLAS Transition Radiation Tracker (TRT): Straw Tube
                       Gaseous Detectors at High Rates}",
      institution   = "CERN",
      address       = "Geneva",
      number        = "ATL-INDET-PROC-2013-005",
      month         = "Apr",
      year          = "2013",
      reportNumber  = "ATL-INDET-PROC-2013-005",
      url           = "https://cds.cern.ch/record/1537991",
}

@book{ATLASTDAQ,
      author        = "Abolins, M. et al, (ATLAS Collaboration)",
      collaboration = "ATLAS TDAQ",
      doi           = "10.1088/1748-0221/11/06/P06008",
      journal       = "JINST",
      number        = "06",
      pages         = "P06008",
      title         = "{The ATLAS Data Acquisition and High Level Trigger
                       system}",
      volume        = "11",
      year          = "2016"
}

@book{ATLASCompTDR,
      editor        = "Duckeck, G. and Barberis, D. and Hawkings, R. and Jones,      
                       R. and McCubbin, N. and Poulard, G. and Quarrie, D. and 
                       Wenaus, T. and Obreshkov, E.",
      collaboration = "ATLAS",
      title         = "{ATLAS computing: Technical design report}",
      reportNumber  = "CERN-LHCC-2005-022, ATLAS-TRD-017",
      month         = "6",
      year          = "2005",
      url           = "http://cds.cern.ch/record/837738",
}

@book{ABCD,
      author        = "Dabrowski, W. and others",
      title         = "{Design and performance of the ABCD chip for the binary
                       readout of silicon strip detectors in the ATLAS
                       semiconductor tracker}",
      doi           = "10.1109/23.914457",
      journal       = "IEEE Trans. Nucl. Sci.",
      volume        = "47",
      pages         = "1843--1850",
      year          = "2000"
}

@book{ABC250,
      author        = "Dabrowski, W. and others",
      title         = "{Design and performance of the ABCN-25 readout chip for  
                       ATLAS inner detector upgrade}",
      booktitle     = "{2009 IEEE Nuclear Science Symposium and Medical Imaging
                        Conference}",
      doi           = "10.1109/NSSMIC.2009.5401687",
      pages         = "373--380",
      year          = "2009"
}

@book{ABC130,
      author        = "Poley, L. and others",
      title         = "{The ABC130 barrel module prototyping programme for the     
                       ATLAS strip tracker}",
      eprint        = "2009.03197",
      archivePrefix = "arXiv",
      primaryClass  = "physics.ins-det",
      doi           = "10.1088/1748-0221/15/09/P09004",
      journal       = "JINST",
      volume        = "15",
      number        = "09",
      pages         = "P09004",
      year          = "2020"
}

% ---------------------------
% Big General Papers, Internal Notes and Conf Notes 
% ---------------------------

@book{ATLASHiggsDisc,
      author        = "Aad, Georges et al, (ATLAS Collaboration)",
      title         = "{Observation of a new particle in the search for the
                        Standard Model Higgs boson with the ATLAS detector at the
                        LHC}",
      collaboration = "ATLAS",
      journal       = "Phys. Lett.",
      volume        = "B716",
      year          = "2012",
      pages         = "1-29",
      doi           = "10.1016/j.physletb.2012.08.020",
      eprint        = "1207.7214",
      archivePrefix = "arXiv",
      primaryClass  = "hep-ex",
      reportNumber  = "CERN-PH-EP-2012-218",
      SLACcitation  = "%%CITATION = ARXIV:1207.7214;%%"
}

@book{CMSHiggsDisc,
      author        = "Chatrchyan, Serguei et al, (CMS Collaboration)",
      title         = "{Observation of a new boson at a mass of 125 GeV with the
                        CMS experiment at the LHC}",
      collaboration = "CMS",
      journal       = "Phys. Lett.",
      volume        = "B716",
      year          = "2012",
      pages         = "30-61",
      doi           = "10.1016/j.physletb.2012.08.021",
      eprint        = "1207.7235",
      archivePrefix = "arXiv",
      primaryClass  = "hep-ex",
      reportNumber  = "CMS-HIG-12-028, CERN-PH-EP-2012-220",
      SLACcitation  = "%%CITATION = ARXIV:1207.7235;%%"
}

@book{LHCMC,
      author        = "Buckley, Andy and others",
      title         = "{General-purpose event generators for LHC physics}",
      eprint        = "1101.2599",
      archivePrefix = "arXiv",
      primaryClass  = "hep-ph",
      reportNumber  = "CAVENDISH-HEP-10-21, CERN-PH-TH-2010-298, DCPT-10-202,
                       IPPP-10-101, KA-TP-40-2010, LU-TP-10-28, MAN-HEP-2010-23,
                       SLAC-PUB-14333, HD-THEP-10-24, MCNET-11-01",
      doi           = "10.1016/j.physrep.2011.03.005",
      journal       = "Phys. Rept.",
      volume        = "504",
      pages         = "145--233",
      year          = "2011"
}

@book{Pentaquarks,
      author        = "Aaij, Roel et al, (LHCb Collaboration)",
      collaboration = "LHCb",
      title         = "{Observation of $J/\psi p$ Resonances Consistent with Pentaquark States in $\Lambda_b^0 \to J/\psi K^- p$ Decays}",
      eprint        = "1507.03414",
      archivePrefix = "arXiv",
      primaryClass  = "hep-ex",
      reportNumber  = "CERN-PH-EP-2015-153, LHCB-PAPER-2015-029",
      doi           = "10.1103/PhysRevLett.115.072001",
      journal       = "Phys. Rev. Lett.",
      volume        = "115",
      pages         = "072001",
      year          = "2015"
}

% ---------------------------
% Statistics
% ---------------------------
@book{TestStats,
      author        = "Cowan, Glen and Cranmer, Kyle and Gross, Eilam and
                        Vitells, Ofer",
      title         = "{Asymptotic formulae for likelihood-based tests of new
                        physics}",
      journal       = "Eur. Phys. J.",
      volume        = "C71",
      year          = "2011",
      pages         = "1554",
      doi           = "10.1140/epjc/s10052-011-1554-0",
      note          = "[Erratum: Eur. Phys. J.C73,2501(2013)]",
      eprint        = "1007.1727",
      archivePrefix = "arXiv",
      primaryClass  = "physics.data-an",
      SLACcitation  = "%%CITATION = ARXIV:1007.1727;%%"
}

@book{JetSystematics,
      author        = "Aad, Georges et al, (ATLAS Collaboration)",
      collaboration = "ATLAS",
      title         = "{Jet energy measurement and its systematic uncertainty in
                       proton-proton collisions at $\sqrt{s}=7$ TeV with the
                       ATLAS detector}",
      eprint        = "1406.0076",
      archivePrefix = "arXiv",
      primaryClass  = "hep-ex",
      reportNumber  = "CERN-PH-EP-2013-222",
      doi           = "10.1140/epjc/s10052-014-3190-y",
      journal       = "Eur. Phys. J. C",
      volume        = "75",
      pages         = "17",
      year          = "2015"
}

@book{Likelihoods,
      author        = "Cowan, Glen and Cranmer, Kyle and Gross, Eilam and
                       Vitells, Ofer",
      title         = "{Asymptotic formulae for likelihood-based tests of new
                        physics}",
      eprint        = "1007.1727",
      archivePrefix = "arXiv",
      primaryClass  = "physics.data-an",
      doi           = "10.1140/epjc/s10052-011-1554-0",
      journal       = "Eur. Phys. J. C",
      volume        = "71",
      pages         = "1554",
      year          = "2011",
      note          = "[Erratum: Eur.Phys.J.C 73, 2501 (2013)]"
}

@book{MCMC,
	  title         = "An introduction to MCMC for machine learning",
	  keywords      = "Markov chain Monte Carlo, MCMC, Sampling, Stochastic
	                   algorithms",
	  author        = "Christophe Andrieu and {De Freitas}, Nando and Arnaud
	                   Doucet and Jordan, {Michael I.}",
	  year          = "2003",
	  month         = "Jan",
	  doi           = "10.1023/A:1020281327116",
	  language      = "English",
	  volume        = "50",
	  pages         = "5--43",
	  journal       = "Machine Learning",
	  issn          = "0885-6125",
	  publisher     = "Springer Verlag",
	  number        = "1-2",
}

@book{MCinStats,
	  title         = "Monte Carlo Methods in Statistics",
	  keywords      = "Markov chain Monte Carlo, MCMC, Sampling, Stochastic  
	                   algorithms",
	  author        = "Robert, C.P.",
	  year          = "2009",
	  month         = "Sept",
	  url           = "https://arxiv.org/pdf/0909.0389.pdf",
}

@book{LookElsewhere,
      author        = "Gross, Eilam and Vitells, Ofer",
      title         = "{Trial factors for the look elsewhere effect in high
                        energy physics}",
      eprint        = "1005.1891",
      archivePrefix = "arXiv",
      primaryClass  = "physics.data-an",
      doi           = "10.1140/epjc/s10052-010-1470-8",
      journal       = "Eur. Phys. J. C",
      volume        = "70",
      pages         = "525--530",
      year          = "2010"
}

@book{Wilks,
      author        = "Wilks, S.S.",
      title         = "{The Large-Sample Distribution of the Likelihood Ratio for
                        Testing Composite Hypotheses}",
      doi           = "10.1214/aoms/1177732360",
      journal       = "Annals Math. Statist.",
      volume        = "9",
      number        = "1",
      pages         = "60--62",
      year          = "1938"
}

% ---------------------------
% Tracking
% ---------------------------
@book{KalmanFilter,
      author        = "Fruhwirth, R.",
      title         = "{Application of Kalman filtering to track and vertex
                        fitting}",
      journal       = "Nucl. Instrum. Meth.",
      volume        = "A262",
      year          = "1987",
      pages         = "444-450",
      doi           = "10.1016/0168-9002(87)90887-4",
      reportNumber  = "HEPHY-PUB-87-503",
      SLACcitation  = "%%CITATION = NUIMA,A262,444;%%"
}

@book{ChiSquaredTrackFitter,
      author        = "Cornelissen, Thijs G. and Elsing, M. and Gavrilenko, I.
                        and Laporte, J. F. and Liebig, W. and Limper, M. and
                        Nikolopoulos, K. and Poppleton, A. and Salzburger, A.",
      title         = "{The global chi**2 track fitter in ATLAS}",
      booktitle     = "{Proceedings, 16th International Conference on Computing
                        in High Energy and Nuclear Physics (CHEP 2007): Victoria,
                        Canada, September 2-7, 2007}",
      journal       = "J. Phys. Conf. Ser.",
      volume        = "119",
      year          = "2008",
      pages         = "032013",
      doi           = "10.1088/1742-6596/119/3/032013",
      SLACcitation  = "%%CITATION = 00462,119,032013;%%"
}

@misc{TrackEff,
	  title         = {},
	  howpublished  = "\url{https://atlas.web.cern.ch/Atlas/GROUPS/PHYSICS/PUBNOTES/ATL-PHYS-PUB-2015-051/fig_01a.png}",
      note          = {Accessed: 15-08-2017},
}

@misc{TracksVsMu,
	  title         = {},
	  howpublished  = "\url{https://atlas.web.cern.ch/Atlas/GROUPS/PHYSICS/PUBNOTES/ATL-PHYS-PUB-2015-051/fig_02a.png}",
	  note          = {Accessed: 15-08-2017},
}

@book{FakeRatePubOld,
      author        = "{The ATLAS Collaboration}",
      title         = "{Early Inner Detector Tracking Performance in the 2015 data at $\sqrt s$ = 13 TeV}",
      institution   = "CERN",
      address       = "Geneva",
      number        = "ATL-PHYS-PUB-2015-051",
      month         = "Dec",
      year          = "2015",
      reportNumber  = "ATL-PHYS-PUB-2015-051",
      url           = "http://cds.cern.ch/record/2110140",
}

@techreport{FakeRatePub,
      title         = "{Modelling of Track Reconstruction Inside Jets with the
                       2016 ATLAS $\sqrt{s}= 13$ TeV pp dataset}",
      institution   = "CERN",
      collaboration = "ATLAS Collaboration",
      address       = "Geneva",
      number        = "ATL-PHYS-PUB-2017-016",
      month         = "Jul",
      year          = "2017",
      reportNumber  = "ATL-PHYS-PUB-2017-016",
      url           = "https://cds.cern.ch/record/2275639",
}


@misc{FakeRatePlot,
	  title         = {},
	  howpublished  = "\url{http://atlas.web.cern.ch/Atlas/GROUPS/PHYSICS/PUBNOTES/ATL-PHYS-PUB-2015-051/fig_02b.png}",
	  note          = {Accessed: 24-08-2017},
}

@book{Vertexing,
      author        = "Aaboud, Morad et al, (ATLAS Collaboration)",
      collaboration = "ATLAS",
      title         = "{Reconstruction of primary vertices at the ATLAS
                        experiment in Run 1 proton--proton collisions at the
                        LHC}",
      eprint        = "1611.10235",
      archivePrefix = "arXiv",
      primaryClass  = "physics.ins-det",
      reportNumber  = "CERN-EP-2016-150",
      doi           = "10.1140/epjc/s10052-017-4887-5",
      journal       = "Eur. Phys. J. C",
      volume        = "77",
      number        = "5",
      pages         = "332",
      year          = "2017"
}

@misc{ATLASRun1Lumi,
      author        = {"The {ATLAS} Collaboration"},
	  title 		 = {"Luminosity Public Results"},
      year          = 2013,	  
      howpublished  = "\url{https://twiki.cern.ch/twiki/bin/view/AtlasPublic/LuminosityPublicResults}", 
      note          = {(Accessed: 18th March 2020)},
}

@misc{ATLASRun2Lumi,
      author        = {\relax  The {ATLAS} Collaboration},
	  title 		 = {"Luminosity Public Results Run2"},
      year          = 2019,	  
      howpublished  = "\url{https://twiki.cern.ch/twiki/bin/view/AtlasPublic/LuminosityPublicResultsRun2}", 
      note          = {(Accessed: 14th February 2020)},
}

@book{Lumi103,
      author        = "Aaboud, M. et al, (ATLAS Collaboration)",
      collaboration = "ATLAS",
      title         = "{Measurement of the Inelastic Proton-Proton Cross Section at $\sqrt{s}= 13$  TeV with the ATLAS Detector at the LHC}",
      eprint = "1606.02625",
      archivePrefix = "arXiv",
      primaryClass  = "hep-ex",
      reportNumber  = "CERN-EP-2016-140",
      doi           = "10.1103/PhysRevLett.117.182002",
      journal       = "Phys. Rev. Lett.",
      volume        = "117",
      number        = "18",
      pages         = "182002",
      year          = "2016"
}

@techreport{MinIoniz,
      title         = "{Muon Performance in Minimum Bias pp Collision Data at
                       $\sqrt{s}$ = 7 TeV with ATLAS}",
      institution   = "CERN",
      collaboration = "ATLAS Collaboration",
      address       = "Geneva",
      number        = "ATLAS-CONF-2010-036",
      month         = "Jul",
      year          = "2010",
      reportNumber  = "ATLAS-CONF-2010-036",
      url           = "https://cds.cern.ch/record/1277675",
}

% ---------------------------
% Calorimetry and Objects
% ---------------------------
@book{CaloTowers,
      author        = "Lampl, W and Laplace, S and Lelas, D and Loch, P and Ma, H
                      and Menke, S and Rajagopalan, S and Rousseau, D and Snyder,
                      S and Unal, G",
      title         = "{Calorimeter Clustering Algorithms: Description and
                      Performance}",
      institution   = "CERN",
      address       = "Geneva",
      number        = "ATL-LARG-PUB-2008-002. ATL-COM-LARG-2008-003",
      month         = "Apr",
      year          = "2008",
      reportNumber  = "ATL-LARG-PUB-2008-002",
      url           = "http://cds.cern.ch/record/1099735",
}

@book{TopoClusters,
      author        = "{The ATLAS Collaboration}",
      title         = "{Electron and photon reconstruction and performance in ATLAS using a dynamical, topological cell clustering-based approach}",
      institution   = "CERN",
      address       = "Geneva",
      number        = "ATL-PHYS-PUB-2017-022",
      month         = "Dec",
      year          = "2017",
      reportNumber  = "ATL-PHYS-PUB-2017-022",
      url           = "https://cds.cern.ch/record/2298955",
}

@book{EleLooseLH,
      author        = "Aaboud, Morad et al, (ATLAS Collaboration)",
      title         = "{Electron efficiency measurements with the ATLAS detector
                       using 2012 LHC proton--proton collision data}",
      eprint        = "1612.01456",
      archivePrefix = "arXiv",
      primaryClass  = "hep-ex",
      reportNumber  = "CERN-EP-2016-262",
      doi           = "10.1140/epjc/s10052-017-4756-2",
      journal       = "Eur. Phys. J. C",
      volume        = "77",
      number        = "3",
      pages         = "195",
      year          = "2017"
}

@book{MuonReco,
      author        = "Aad, Georges et al, (ATLAS Collaboration)",
      title         = "{Muon reconstruction performance of the ATLAS detector in
                       proton--proton collision data at $\sqrt{s}$ =13 TeV}",
      eprint        = "1603.05598",
      archivePrefix = "arXiv",
      primaryClass  = "hep-ex",
      reportNumber  = "CERN-EP-2016-033",
      doi           = "10.1140/epjc/s10052-016-4120-y",
      journal       = "Eur. Phys. J. C",
      volume        = "76",
      number        = "5",
      pages         = "292",
      year          = "2016"
}

@book{TauReco,
      author        = "{The ATLAS Collaboration}",
      title         = "{Measurement of the tau lepton reconstruction and
                       identification performance in the ATLAS experiment using
                       $pp$ collisions at $\sqrt{s}=13~{\rm TeV}$}",
      institution   = "CERN",
      collaboration = "ATLAS Collaboration",
      address       = "Geneva",
      number        = "ATLAS-CONF-2017-029",
      month         = "May",
      year          = "2017",
      reportNumber  = "ATLAS-CONF-2017-029",
      url           = "https://cds.cern.ch/record/2261772",
}

@book{METReco,
      author        = "Aaboud, Morad et al, (ATLAS Collaboration)",
      collaboration = "ATLAS",
      title         = "{Performance of missing transverse momentum reconstruction
                       with the ATLAS detector using proton-proton collisions at
                        $\sqrt{s}$ = 13 TeV}",
      eprint        = "1802.08168",
      archivePrefix = "arXiv",
      primaryClass  = "hep-ex",
      reportNumber  = "CERN-EP-2017-274",
      doi           = "10.1140/epjc/s10052-018-6288-9",
      journal       = "Eur. Phys. J. C",
      volume        = "78",
      number        = "11",
      pages         = "903",
      year          = "2018"
}

@book{Snowmass,
      author        = "Huth, John E. and others",
      title         = "{Toward a standardization of jet definitions}",
      booktitle     = "{1990 DPF Summer Study on High-energy Physics: Research
                        Directions for the Decade (Snowmass 90)}",
      reportNumber  = "FERMILAB-CONF-90-249-E, FNAL-C-90-249-E",
      pages         = "0134--136",
      month         = "12",
      year          = "1990",
      url           = "https://www.academia.edu/15824454/Toward_a_standardization_of_jet_definitions"
}

@book{Confinement,
      author        = "Wilson, Kenneth G.",
      editor        = "Taylor, J.C.",
      title         = "{Confinement of Quarks}",
      reportNumber  = "CLNS-262",
      doi           = "10.1103/PhysRevD.10.2445",
      pages         = "45--59",
      month         = "2",
      year          = "1974"
}

@book{Anti-kTPaper,
      author        = "Cacciari, Matteo and Salam, Gavin P. and Soyez, Gregory",
      title         = "{The Anti-k(t) jet clustering algorithm}",
      journal       = "JHEP",
      volume        = "04",
      year          = "2008",
      pages         = "063",
      doi           = "10.1088/1126-6708/2008/04/063",
      eprint        = "0802.1189",
      archivePrefix = "arXiv",
      primaryClass  = "hep-ph",
      reportNumber  = "LPTHE-07-03",
      SLACcitation  = "%%CITATION = ARXIV:0802.1189;%%"
}

@book{TowJetog,
      author        = "Salam, Gavin P.",
      title         = "{Towards Jetography}",
      booktitle     = "{2008 CTEQ-MCnet Summer School on QCD Phenomenology and
                        Monte Carlo Event Generators (MCnet 08) (CTEQ 08)
                        Debrecen, Hungary, August 8-16, 2008}",
      journal       = "Eur. Phys. J.",
      volume        = "C67",
      year          = "2010",
      pages         = "637-686",
      doi           = "10.1140/epjc/s10052-010-1314-6",
      eprint        = "0906.1833",
      archivePrefix = "arXiv",
      primaryClass  = "hep-ph",
      SLACcitation  = "%%CITATION = ARXIV:0906.1833;%%"
}

@book{btagging,
      author        = "Aad, Georges et al, (ATLAS Collaboration)",
      collaboration = "ATLAS",
      title         = "{ATLAS b-jet identification performance and efficiency measurement with $t{\bar{t}}$ events in pp collisions at $\sqrt{s}=13$ TeV}",
      eprint        = "1907.05120",
      archivePrefix = "arXiv",
      primaryClass  = "hep-ex",
      reportNumber  = "CERN-EP-2019-132",
      doi           = "10.1140/epjc/s10052-019-7450-8",
      journal       = "Eur. Phys. J. C",
      volume        = "79",
      number        = "11",
      pages         = "970",
      year          = "2019"
}

@book{MV2c10,
      author        = "Aaboud, M et al, (ATLAS Collaboration)",
      collaboration = "ATLAS",
      title         = "{Measurements of b-jet tagging efficiency with the ATLAS
                       detector using $t{\bar{t}}$ events in pp collisions at 
                       $\sqrt{s}=13$ TeV}",
      doi           = "https://doi.org/10.1007/JHEP08(2018)089",
      journal       = "J. High Energ. Phys.",
      volume        = "89",
      year          = "2018"
}

@book{JetTrim,
      author        = "Krohn, David and Thaler, Jesse and Wang, Lian-Tao",
      title         = "{Jet Trimming}",
      eprint        = "0912.1342",
      archivePrefix = "arXiv",
      primaryClass  = "hep-ph",
      doi           = "10.1007/JHEP02(2010)084",
      journal       = "JHEP",
      volume        = "02",
      pages         = "084",
      year          = "2010"
}

@book{JetGrooming,
      author        = "Dasgupta, Mrinal and Fregoso, Alessandro and Marzani,
                       Simone and Salam, Gavin P.",
      title         = "{Towards an understanding of jet substructure}",
      eprint        = "1307.0007",
      archivePrefix = "arXiv",
      primaryClass  = "hep-ph",
      reportNumber  = "CERN-PH-TH-2013-145, DCPT-13-86, IPPP-13-43, LPN13-036,
                       MAN-HEP-2013-12",
      doi           = "10.1007/JHEP09(2013)029",
      journal       = "JHEP",
      volume        = "09",
      pages         = "029",
      year          = "2013"
}

@techreport{JetCalib,
      title         = "{Jet Calibration and Systematic Uncertainties for Jets
                       Reconstructed in the ATLAS Detector at $\sqrt{s}=13$
                       TeV}",
      institution   = "CERN",
      address       = "Geneva",
      number        = "ATL-PHYS-PUB-2015-015",
      month         = "Jul",
      year          = "2015",
      reportNumber  = "ATL-PHYS-PUB-2015-015",
      url           = "https://cds.cern.ch/record/2037613",
}

@book{JetPruning,
      author        = "Ellis, Stephen D. and Vermilion, Christopher K. and Walsh,
                       Jonathan R.",  
      title         = "{Techniques for improved heavy particle searches with jet
                       substructure}",
      eprint        = "0903.5081",
      archivePrefix = "arXiv",
      primaryClass  = "hep-ph",
      doi           = "10.1103/PhysRevD.80.051501",
      journal       = "Phys. Rev. D",
      volume        = "80",
      pages         = "051501",
      year          = "2009"
}

@inproceedings{LargeRJet,
      author        = "Shelton, Jessie",
      title         = "{Jet Substructure}",
      booktitle     = "{Theoretical Advanced Study Institute in Elementary Particle Physics}: {Searching for New Physics at Small and Large Scales}",
      eprint        = "1302.0260",
      archivePrefix = "arXiv",
      primaryClass  = "hep-ph",
      doi           = "10.1142/9789814525220_0007",
      pages         = "303--340",
      year          = "2013"
}

@book{VarRJets,
      title         = "{Variable Radius, Exclusive-k$_{T}$, and Center-of-Mass
                       Subjet Reconstruction for Higgs($\rightarrow b\bar{b}$)
                       Tagging in ATLAS}",
      institution   = "CERN",
      collaboration = "ATLAS Collaboration",
      address       = "Geneva",
      number        = "ATL-PHYS-PUB-2017-010",
      month         = "Jun",
      year          = "2017",
      reportNumber  = "ATL-PHYS-PUB-2017-010",
      url           = "https://cds.cern.ch/record/2268678",
}

@book{BDTs,
      author        = "Roe, Byron.P and others",
      title         = "{Boosted Decision Trees as an Alternative to Artificial Neural Networks for Particle Identification}",
      eprint        = "1302.0260",
      archivePrefix = "arXiv",
      primaryClass  = "hep-ph",
      doi           = "10.1016/j.nima.2004.12.018",
      year          = "2004"
}

@book{JESMeas,
      author        = "Aad, G. et al, (ATLAS Collaboration)",
      collaboration = "ATLAS",
      title         = "{Jet energy scale and resolution measured in proton-proton collisions at $\sqrt{s}=13$ TeV with the ATLAS detector}",
      eprint        = "2007.02645",
      archivePrefix = "arXiv",
      primaryClass  = "hep-ex",
      reportNumber  = "CERN-EP-2020-083",
      month         = "7",
      year          = "2020"
}

% ---------------------------
% ATLAS Analysis Internal
% ---------------------------

@book{Boosted2020Paper,
      author        = "Aad, G. et al, (ATLAS Collaboration)",
      collaboration = "ATLAS",
      title         = "{Measurement of the associated production of a Higgs boson decaying into $b$-quarks with a vector boson at high transverse momentum in $pp$ collisions at $\sqrt{s} = 13$ TeV with the ATLAS detector}",
      eprint        = "2008.02508",
      archivePrefix = "arXiv",
      primaryClass  = "hep-ex",
      reportNumber  = "CERN-EP-2020-093",
      month         = "8",
      year          = "2020"
}

@book{STXS2020Paper,
      author        = "Aad, G. et al, (ATLAS Collaboration)",
      collaboration = "ATLAS",
      title         = "{Measurements of $WH$ and $ZH$ production in the $H \rightarrow b\bar{b}$ decay channel in $pp$ collisions at 13 TeV with the ATLAS detector}",
      eprint        = "2007.02873",
      archivePrefix = "arXiv",
      primaryClass  = "hep-ex",
      reportNumber  = "CERN-EP-2020-087",
      month         = "7",
      year          = "2020"
}

@book{STXS2019Paper,
      author        = "Aad, G. et al, (ATLAS Collaboration)",
      collaboration = "ATLAS",
      journal       = "J. High Energ. Phys.",
      volume        = "141",
      title         = "{Measurement of $H \rightarrow b\bar{b}$ as a function of the vector-boson transverse momentum in 13 TeV $pp$ collisions with the ATLAS detector}",
      doi           = "https://doi.org/10.1007/JHEP05(2019)141",
      month         = "3",
      year          = "2019",
      note          = "updated May 2019"
}

@book{DiscPaper,
      author        = "Aaboud, M. et al, (ATLAS Collaboration)",
      title         = "{Observation of $H \rightarrow b\bar{b}$ decays and $VH$
                       production with the ATLAS detector}",
      collaboration = "ATLAS",
      journal       = "Phys. Lett.",
      volume        = "B786",
      year          = "2018",
      pages         = "59-86",
      doi           = "10.1016/j.physletb.2018.09.013",
      eprint        = "1808.08238",
      archivePrefix = "arXiv",
      primaryClass  = "hep-ex",
      reportNumber  = "CERN-EP-2018-215",
      SLACcitation  = "%%CITATION = ARXIV:1808.08238;%%"
}

@book{EvidPaper,
      author        = "Aaboud, M. et al, (ATLAS Collaboration)",
      collaboration = "ATLAS",
      title         = "{Evidence for the $ H\to b\overline{b} $ decay with the
                       ATLAS detector}",
      eprint        = "1708.03299",
      archivePrefix = "arXiv",
      primaryClass  = "hep-ex",
      reportNumber  = "CERN-EP-2017-175",
      doi           = "10.1007/JHEP12(2017)024",
      journal       = "JHEP",
      volume        = "12",
      pages         = "024",
      year          = "2017"
}

@book{Run1Paper,
      author        = "Aad, Georges et al, (ATLAS Collaboration)",
      collaboration = "ATLAS",
      title         = "{Search for the $b\bar{b}$ decay of the Standard Model
                       Higgs boson in associated $(W/Z)H$ production with the
                      ATLAS detector}",
      eprint        = "1409.6212",
      archivePrefix = "arXiv",
      primaryClass  = "hep-ex",
      reportNumber  = "CERN-PH-EP-2014-214",
      doi           = "10.1007/JHEP01(2015)069",
      journal       = "JHEP",
      volume        = "01",
      pages         = "069",
      year          = "2015"
}

@book{VHresoObject,
      author        = "Aad, G. et al, (ATLAS Collaboration)",
      collaboration = "{ATLAS}",
      title         = "{Object Definitions and Selections for Standard Model $VH \to ll/l\nu/\nu\nu$ + $b\bar{b}$}",
      journal       = "{ATL-COM-PHYS-2018-517}",
      year          = "2018",
      url           = "https://cds.cern.ch/record/2317182",
}


% ---------------------------
% Trigger and Reconstruction
% ---------------------------
@book{Aad:2019wsl,
      author        = "Aad, G. et al, (ATLAS Collaboration)",
      title         = "{Performance of electron and photon triggers in ATLAS during LHC Run 2}",
      collaboration = "ATLAS",
      year          = "2019",
      eprint        = "1909.00761",
      journal       = "",
      archivePrefix = "arXiv",
      primaryClass  = "hep-ex",
      reportNumber  = "CERN-EP-2019-169",
      SLACcitation  = "%%CITATION = ARXIV:1909.00761;%%"
}

@book{Morgenstern:2318500,
      author        = "Morgenstern, Marcus and Owen, Mark",
      title         = "{Muon trigger efficiency in early 2018 data taking}",
      institution   = "CERN",
      address       = "Geneva",
      number        = "ATL-COM-DAQ-2018-047",
      month         = "May",
      year          = "2017",
      reportNumber  = "ATL-COM-DAQ-2018-047",
      url           = "https://cds.cern.ch/record/2318500",
}

@techreport{CERNIncident,
      author        = "CERN",
      title         = "{Interim Summary Report on the Analysis of the 19 September 2008 Indicent at the LHC}",
      institution   = "CERN",
      address       = "Geneva",
      number        = "ATL-COM-DAQ-2018-047",
      month         = "October",
      year          = "2008",
      reportNumber  = "EDMS 973073",
      url           = "https://edms.cern.ch/ui/file/973073/1/Report_on_080919_incident_at_LHC__2_.pdf",
}

% ---------------------------
% MC Simulation Related
% ---------------------------

@book{DGLAP1,
      author        = "Dokshitzer, Yuri L.",
      title         = "{Calculation of the Structure Functions for Deep Inelastic
                        Scattering and e+ e- Annihilation by Perturbation Theory
                        in Quantum Chromodynamics.}",
      journal       = "Sov. Phys. JETP",
      volume        = "46",
      pages         = "641--653",
      year          = "1977",
      url           = "http://www.jetp.ac.ru/cgi-bin/dn/e_046_04_0641.pdf"
}

@book{DGLAP2,
      author        = "Gribov, V.N. and Lipatov, L.N.",
      title         = "{Deep inelastic e p scattering in perturbation theory}",
      reportNumber  = "IPTI-381-71",
      journal       = "Sov. J. Nucl. Phys.",
      volume        = "15",
      pages         = "438--450",
      year          = "1972"
}

@book{DGLAP3,
      author        = "Altarelli, Guido and Parisi, G.",
      title         = "{Asymptotic Freedom in Parton Language}",
      reportNumber  = "LPTENS-77-6",
      doi           = "10.1016/0550-3213(77)90384-4",
      journal       = "Nucl. Phys. B",
      volume        = "126",
      pages         = "298--318",
      year          = "1977"
}

@book{GEANT4,
      author        = "Allison, John and others",
      title         = "{Geant4 developments and applications}",
      reportNumber  = "SLAC-PUB-11870",
      doi           = "10.1109/TNS.2006.869826",
      journal       = "IEEE Trans. Nucl. Sci.",
      volume        = "53",
      pages         = "270",
      year          = "2006"
}

@book{LundString,
      author        = "Andersson, Bo and Gustafson, G. and Ingelman, G. and
                       Sjostrand, T.",
      title         = "{Parton Fragmentation and String Dynamics}",
      reportNumber  = "LU-TP-83-10",
      doi           = "10.1016/0370-1573(83)90080-7",
      journal       = "Phys. Rept.",
      volume        = "97",
      pages         = "31--145",
      year          = "1983"
}

@book{HERWIG6.5,
      author        = "Corcella, G. and Knowles, I.G. and Marchesini, G. and
                       Moretti, S. and Odagiri, K. and Richardson, P. and
                       Seymour, M.H. and Webber, B.R.",
      title         = "{HERWIG 6: An Event generator for hadron emission
                       reactions with interfering gluons (including
                        supersymmetric processes)}",
      eprint        = "hep-ph/0011363",
      archivePrefix = "arXiv",
      reportNumber  = "CAVENDISH-HEP-99-03, CERN-TH-2000-284, RAL-TR-2000-048",
      doi           = "10.1088/1126-6708/2001/01/010",
      journal       = "JHEP",
      volume        = "01",
      pages         = "010",
      year          = "2001"
}

@book{HERWIG6.5Note,
      author        = "Corcella, G. and Knowles, I.G. and Marchesini, G. and
                       Moretti, S. and Odagiri, K. and Richardson, P. and
                       Seymour, M.H. and Webber, B.R.",
      title         = "{HERWIG 6.5 release note}",
      eprint        = "hep-ph/0210213",
      archivePrefix = "arXiv",
      reportNumber  = "CAVENDISH-HEP-02-17, DAMTP-2002-124, KEK-TH-850, MPI-
                       PHT-2002-55, CERN-TH-2002-270, IPPP-02-58, MC-TH-2002-7",
      month         = "10",
      year          = "2002"
}

@book{PYTHIA8,
      author        = "Sjostrand, Torbjorn and Mrenna, Stephen and Skands, 
                       Peter Z.",
      title         = "{A Brief Introduction to PYTHIA 8.1}",
      eprint        = "0710.3820",
      archivePrefix = "arXiv",
      primaryClass  = "hep-ph",
      reportNumber  = "CERN-LCGAPP-2007-04, LU-TP-07-28, 
                       FERMILAB-PUB-07-512-CD-T",
      doi           = "10.1016/j.cpc.2008.01.036",
      journal       = "Comput. Phys. Commun.",
      volume        = "178",
      pages         = "852--867",
      year          = "2008"
}

@book{SHERPA,
      author        = "Gleisberg, T. and Hoeche, Stefan. and Krauss, F. and
                       Schonherr, M. and Schumann, S. and Siegert, F. 
                       and Winter, J.",
      title         = "{Event generation with SHERPA 1.1}",
      eprint        = "0811.4622",
      archivePrefix = "arXiv",
      primaryClass  = "hep-ph",
      reportNumber  = "FERMILAB-PUB-08-477-T, SLAC-PUB-13420, ZU-TH-17-08,
                       DCPT-08-138, IPPP-08-69, EDINBURGH-2008-30, MCNET-08-14",
      doi           = "10.1088/1126-6708/2009/02/007",
      journal       = "JHEP",
      volume        = "02",
      pages         = "007",
      year          = "2009"
}

@book{POWHEG-BOX,
      author        = "Alioli, Simone and Nason, Paolo and Oleari, Carlo
                       and Re, Emanuele",
      title         = "{A general framework for implementing NLO calculations in
                        shower Monte Carlo programs: the POWHEG BOX}",
      eprint        = "1002.2581",
      archivePrefix = "arXiv",
      primaryClass  = "hep-ph",
      reportNumber  = "DESY-10-018, SFB-CPP-10-22, IPPP-10-11, DCPT-10-22",
      doi           = "10.1007/JHEP06(2010)043",
      journal       = "JHEP",
      volume        = "06",
      pages         = "043",
      year          = "2010"
}

@techreport{A14,
      title         = "{ATLAS Pythia 8 tunes to 7 TeV datas}",
      institution   = "CERN",
      address       = "Geneva",
      number        = "ATL-PHYS-PUB-2014-021",
      month         = "Nov",
      year          = "2014",
      reportNumber  = "ATL-PHYS-PUB-2014-021",
      url           = "https://cds.cern.ch/record/1966419",
}

@book{AZNLO,
      author        = "Aad, G. et al, (ATLAS Collaboration)",
      collaboration = "ATLAS",
      title         = "{Measurement of the $Z/\gamma^*$ boson transverse momentum
                        distribution in $pp$ collisions at $\sqrt{s}$ = 7 TeV
                        with the ATLAS detector}",
      eprint        = "1406.3660",
      archivePrefix = "arXiv",
      primaryClass  = "hep-ex",
      reportNumber  = "CERN-PH-EP-2014-075",
      doi           = "10.1007/JHEP09(2014)145",
      journal       = "JHEP",
      volume        = "09",
      pages         = "145",
      year          = "2014"
}

@book{PDFs,
      author        = "Martin, A.D. and Stirling, W.J. and Thorne, R.S. and 
                       Watt, G.",
      title         = "{Parton distributions for the LHC}",
      eprint        = "0901.0002",
      archivePrefix = "arXiv",
      primaryClass  = "hep-ph",
      reportNumber  = "IPPP-08-95, DCPT-08-190, CAVENDISH-HEP-08-16",
      doi           = "10.1140/epjc/s10052-009-1072-5",
      journal       = "Eur. Phys. J. C",
      volume        = "63",
      pages         = "189--285",
      year          = "2009"
}

% ---------------------------
% Other Papers 
% ---------------------------
@book{LumiDet,
      author        = "Grafstroem, P. and Kozanecki, W.",
      title         = "{Luminosity determination at proton colliders}",
      journal       = "Prog. Part. Nucl. Phys.",
      volume        = "81",
      year          = "2015",
      pages         = "97-148",
      doi           = "10.1016/j.ppnp.2014.11.002",
      SLACcitation  = "%%CITATION = PPNPD,81,97;%%"
}

@misc{Bragg,
  	  author        = {Bragg, W. H. and Kleeman, R.},
  	  title         = {{XXXIX. On the $\alpha$ particles of radium, and their 
                       loss of range in passing through various atoms and
                       molecules}},
  	  month         = sep,
  	  year          = 1905,
 	  publisher     = {Zenodo},
 	  doi           = {10.1080/14786440509463378},
 	  url           = {https://doi.org/10.1080/14786440509463378}
}

@misc{TRT,
  	  author        = {Yaun, C. L. L.},
  	  title         = {Some New Developments On Transition Radiation Detectors
  	                   for High-Energy Particles},
      month         = oct,
      year          = 1974,
      journal       = {FERMILAB-CONF-75-111-E},
  	  doi           = {10.1080/14786440509463378},
  	  url           = {https://lss.fnal.gov/archive/1975/conf/fermilab-conf-75-111-e.pdf},
}

@techreport{FuckingTaus,
      title         = "{Identification of hadronic tau lepton decays using neural
                       networks in the ATLAS experiment}",
      institution   = "CERN",
      collaboration = "ATLAS Collaboration",
      address       = "Geneva",
      number        = "ATL-PHYS-PUB-2019-033",
      month         = "Aug",
      year          = "2019",
      reportNumber  = "ATL-PHYS-PUB-2019-033",
      url           = "https://cds.cern.ch/record/2688062",
}

@book{DiagSubt,
      author        = "Frixione, Stefano and Nason, Paolo and Oleari, Carlo",
      title         = "{Matching NLO QCD computations with Parton Shower simulations: the POWHEG method}",
      eprint        = "0709.2092",
      archivePrefix = "arXiv",
      primaryClass  = "hep-ph",
      reportNumber  = "BICOCCA-FT-07-9, GEF-TH-21-2007",
      doi           = "10.1088/1126-6708/2007/11/070",
      journal       = "JHEP",
      volume        = "11",
      pages         = "070",
      year          = "2007"
}

@book{WeinbergOp,
  	  title         = {Baryon- and Lepton-Nonconserving Processes},
      author        = {Weinberg, Steven},
      journal       = {Phys. Rev. Lett.},
      volume        = {43},
  	  issue         = {21},
  	  pages         = {1566--1570},
  	  year          = {1979},
  	  month         = {Nov},
  	  publisher     = {American Physical Society},
  	  doi           = {10.1103/PhysRevLett.43.1566},
  	  url           = {https://link.aps.org/doi/10.1103/PhysRevLett.43.1566}
}

@book{Dim7OP,
      author        = "Lehman, Landon",
      title         = "{Extending the Standard Model Effective Field Theory with
                       the Complete Set of Dimension-7 Operators}",
      eprint        = "1410.4193",
      archivePrefix = "arXiv",
      primaryClass  = "hep-ph",
      doi           = "10.1103/PhysRevD.90.125023",
      journal       = "Phys. Rev. D",
      volume        = "90",
      number        = "12",
      pages         = "125023",
      year          = "2014"
}

@book{Salam68,
      author        = "Salam, Abdus",
      title         = "{Weak and Electromagnetic Interactions}",
      doi           = "10.1142/9789812795915_0034",
      journal       = "Conf. Proc. C",
      volume        = "680519",
      pages         = "367--377",
      year          = "1968"
}

@book{GlashowWeinberg68,
      author        = "Glashow, S.L. and Weinberg, Steven",
      title         = "{Breaking chiral symmetry}",
      doi           = "10.1103/PhysRevLett.20.224",
      journal       = "Phys. Rev. Lett.",
      volume        = "20",
      pages         = "224--227",
      year          = "1968"
}

@book{NeutrinoGens01,
      collaboration = "LEP, ALEPH, DELPHI, L3, OPAL, LEP Electroweak Working
                       Group, SLD Heavy Flavor Group, SLD Electroweak Group",
      title         = "{A Combination of preliminary electroweak measurements and
                       constraints on the standard model}",
      eprint        = "hep-ex/0103048",
      archivePrefix = "arXiv",
      reportNumber  = "SLAC-REPRINT-2001-406, CERN-EP-2001-021",
      month         = "2",
      year          = "2001"
}

@book{QGPALICE,
      author        = "Schukraft, Jurgen",
      editor        = "Ghosh, Premomoy and Nayak, Tapan and Varma, Raghava",
      collaboration = "ALICE",
      title         = "{First Results from the ALICE experiment at the LHC}",
      eprint        = "1103.3474",
      archivePrefix = "arXiv",
      primaryClass  = "hep-ex",
      doi           = "10.1016/j.nuclphysa.2011.05.023",
      journal       = "Nucl. Phys. A",
      volume        = "862",
      pages         = "78--84",
      year          = "2011"
}

% ---------------------------
% Higgs Cross-Section Handbooks
% ---------------------------
@book{HiggsCSB1,
      author        = "Dittmaier, S. and others",
      collaboration = "LHC Higgs Cross Section Working Group",
      title         = "{Handbook of LHC Higgs Cross Sections: 1. Inclusive
                        Observables}",
      eprint        = "1101.0593",
      archivePrefix = "arXiv",
      primaryClass  = "hep-ph",
      reportNumber  = "CERN-2011-002",
      doi           = "10.5170/CERN-2011-002",
      month         = "1",
      year          = "2011"
}

@book{HiggsCSB2,
      author        = "Dittmaier, S. and others",
      title         = "{Handbook of LHC Higgs Cross Sections: 2. Differential Distributions}",
      eprint        = "1201.3084",
      archivePrefix = "arXiv",
      primaryClass  = "hep-ph",
      reportNumber  = "CERN-2012-002",
      doi           = "10.5170/CERN-2012-002",
      month         = "1",
      year          = "2012"
}

@book{HiggsCSB3,
      author        = "Andersen, J R and others",
      editor        = "Heinemeyer, S and Mariotti, C and Passarino, G and Tanaka, R",
      collaboration = "LHC Higgs Cross Section Working Group",
      title         = "{Handbook of LHC Higgs Cross Sections: 3. Higgs
                       Properties}",
      eprint        = "1307.1347",
      archivePrefix = "arXiv",
      primaryClass  = "hep-ph",
      reportNumber  = "CERN-2013-004",
      doi           = "10.5170/CERN-2013-004",
      month         = "7",
      year          = "2013"
}

@book{STXS2016,
      author        = "de Florian, D. and others",
      collaboration = "LHC Higgs Cross Section Working Group",
      title         = "{Handbook of LHC Higgs Cross Sections: 4. Deciphering the
                        Nature of the Higgs Sector}",
      eprint        = "1610.07922",
      archivePrefix = "arXiv",
      primaryClass  = "hep-ph",
      reportNumber  = "CERN-2017-002-M, CERN-2017-002",
      doi           = "10.23731/CYRM-2017-002",
      volume        = "2/2017",
      month         = "10",
      year          = "2016"
}

@book{STXS2019,
      author        = "Berger, Nicolas and others",
      title         = "{Simplified Template Cross Sections - Stage 1.1}",
      eprint        = "1906.02754",
      archivePrefix = "arXiv",
      primaryClass  = "hep-ph",
      reportNumber  = "LHCHXSWG-2019-003, DESY-19-070",
      month         = "6",
      year          = "2019"
}

% ---------------------------
% TextBooks 
% ---------------------------

@book{HiggsMass,
      author        = "Aad, G. et al, (ATLAS Collaboration)",
      title         = "{Combined Measurement of the Higgs Boson Mass in $pp$
                       Collisions at $\sqrt{s}=7$ and 8 TeV with the ATLAS and
                       CMS Experiments}",
      booktitle     = "{Proceedings, Meeting of the APS Division of Particles
                       and Fields (DPF 2015): Ann Arbor, Michigan, USA, 4-8 Aug
                       2015}",
      collaboration = "ATLAS, CMS",
      journal       = "Phys. Rev. Lett.",
      volume        = "114",
      year          = "2015",
      pages         = "191803",
      doi           = "10.1103/PhysRevLett.114.191803",
      eprint        = "1503.07589",
      archivePrefix = "arXiv",
      primaryClass  = "hep-ex",
      reportNumber  = "ATLAS-HIGG-2014-14, CMS-HIG-14-042, CERN-PH-EP-2015-075",
      SLACcitation  = "%%CITATION = ARXIV:1503.07589;%%"
}


@book{Hartmann,
      author        = "Hartmann, Frank",
      title         = "{Evolution of Silicon Sensor Technology in Particle Physics}",
      journal       = "Springer Tracts Mod. Phys.",
      volume        = "231",
      year          = "2009",
      pages         = "1-204",
      SLACcitation  = "%%CITATION = STPHB,231,1;%%"
}

@book{Landau,
      author        = "Landau, Lev Davidovich",
      title         = "{On the energy loss of fast particles by ionization}",
      journal       = "J. Phys.",
      number        = "4",
      volume        = "8",
      pages         = "201-205",
      year          = "1944",
      url           = "https://cds.cern.ch/record/216256",
}

@book{Wollnick,
      author        = "Wollnik, H.",
      title         = "{Optics of Charged Particles}",
      edition       = "1st",
      publisher     = "Academic Press",
      year          = "1987",
      pages         = "33,57"
}

@book{Bettini,
      author        = "Bettini, Alessandro",
      title         = "{Introduction to elementary particle physics}",
      url           = "http://www.cambridge.org/catalogue/catalogue.asp?isbn=9780521880213",
      journal       = "Cambridge, UK: Univ. Pr. (2008) 431 p",
      year          = "2008",
      ISBN          = "9780521880213",
      SLACcitation  = "%%CITATION = INSPIRE-839696;%%"
}

@book{Spieler,
      author        = "Spieler, Helmuth",
      address       = "Oxford",
      isbn          = "978-0-19-852784-8",
      publisher     = "Oxford University Press",
      series        = "Semiconductor Science and Technology",
      title         = "{Semiconductor Detector Systems}",
      volume        = "v.12",
      year          = "2005"
}

@book{Relativity,
      author        = "Einstein, Albert",
      editor        = "Lawson, R.W",
      title         = "{Einstein: Relativity}",
      publisher     = "Routledge Classics, London",
      year          = "2012",
      ISBN          = "9780415253840"
}

@book{SchwartzQFT,
      author        = "Schwartz, Matthew D.",
      isbn          = "978-1-107-03473-0, 978-1-107-03473-0",
      month         = "3",
      publisher     = "Cambridge University Press",
      title         = "{Quantum Field Theory and the Standard Model}",
      year          = "2014"
}

@book{ChengandLiGroups,
      author        = {Cheng, Ta-Pei and Li, Ling-Fong and Gross, David},
	  year          = {1985},
	  month         = {01},
	  title         = "{Gauge Theory of Elementary Particle Physics}",
	  volume        = {38},
	  journal       = {Physics Today - PHYS TODAY},
	  doi           = "10.1063/1.2814821"
}

@book{Srednicki,
      author        = "Srednicki, M.",
      isbn          = "978-0-521-86449-7, 978-0-511-26720-8",
      month         = "1",
      publisher     = "Cambridge University Press",
      title         = "{Quantum field theory}",
      year          = "2007"
}

@book{Higgs,
      author        = "Higgs, Peter W.",
      editor        = "Taylor, J.C.",
      doi           = "10.1103/PhysRevLett.13.508",
      journal       = "Phys. Rev. Lett.",
      pages         = "508--509",
      title         = "{Broken Symmetries and the Masses of Gauge Bosons}",
      volume        = "13",
      year          = "1964"
}

@book{EnglertBrout,
      author        = "Englert, F. and Brout, R.",
      editor        = "Taylor, J.C.",
      doi           = "10.1103/PhysRevLett.13.321",
      journal       = "Phys. Rev. Lett.",
      pages         = "321--323",
      title         = "{Broken Symmetry and the Mass of Gauge Vector Mesons}",
      volume        = "13",
      year          = "1964"
}

@book{GuralnikHagenKibble,
      author        = "Guralnik, G.S. and Hagen, C.R. and Kibble, T.W.B.",
      editor        = "Taylor, J.C.",
      doi           = "10.1103/PhysRevLett.13.585",
      journal       = "Phys. Rev. Lett.",
      pages         = "585--587",
      title         = "{Global Conservation Laws and Massless Particles}",
      volume        = "13",
      year          = "1964"
}

@book{Behnke,
      editor        = "Behnke, Olaf and Kröninger, Kevin and Schörner-Sadenius,
                       Thomas and Schott, Gregory",
      title         = "{Data analysis in high energy physics}: {A practical guide
                       to statistical methods}",
      isbn          = "978-3-527-65343-0",
      publisher     = "Wiley-VCH",
      address       = "Weinheim, Germany",
      year          = "2013"
}

@book{DAgostini,
      author        = "D'Agostini, G.",
      title         = "{Bayesian reasoning in data analysis: A critical
                        introduction}",
      month         = "11",
      year          = "2003",
      url           = "https://epdf.pub/bayesian-reasoning-in-data-analysis-a-critical-introduction.html"
}

@book{Lista,
      author        = "Lista, Luca",
      title         = "{Statistical Methods for Data Analysis in Particle
                       Physics}",
      doi           = "10.1007/978-3-319-62840-0",
      publisher     = "Springer",
      volume        = "941",
      year          = "2017"
}

@book{Puza,
 	  author        = {Puza, Borek},
 	  title         = {Bayesian Methods for Statistical Analysis},
 	  url           = {http://www.jstor.org/stable/j.ctt1bgzbn2},
 	  publisher     = {ANU Press},
 	  isbn          = "9781921934254",
 	  year          = "2015"
}

@book{Bootstrap,
      author        = "Bohm, Gerhard and Zech, Guenter",
      title         = "{Introduction to statistics and data analysis for 
                        physicists}",
      doi           = "10.3204/DESY-BOOK/statistics",
      isbn          = "978-3-935702-88-1",
      publisher     = "DESY",
      address       = "Hamburg",
      year          = "2014"
}

@book{Robert-Casella,
      author        = "Robert, Christian P. and Casella, George",
      editor        = "Lawson, R.W",
      edition       = "2nd",
      title         = "{Monte Carlo Statistical Methods}",
      url           = "https://archive.org/details/springer_10.1007-978-1-4757-4145-2",
      publisher     = "Springer, New York",
      year          = "2004",
      ISBN          = "9781475741452"
}

% ---------------------------
% Nobel Prize References
% ---------------------------
@misc{1979NobelPrize,
	  author        = {\relax Nobel Media AB},
	  title         = "{The Nobel Prize in Physics 1979}",
	  year          = {2020},
	  howpublished  = "\url{https://www.nobelprize.org/prizes/physics/1979/summary/}", 
	  note          = {(Accessed: 2rd February 2020)},
}

@misc{1984NobelPrize,
	  author        = {\relax Nobel Media AB},
	  title         = "{The Nobel Prize in Physics 1984}",
	  year          = {2020},
	  howpublished  = "\url{https://www.nobelprize.org/prizes/physics/1984/summary/}",
	  note          = {(Accessed: 12th February 2020)},
}

@misc{2013NobelPrize,
	  author        = {\relax Nobel Media AB},
	  title         = "{The Nobel Prize in Physics 2013}",
	  year          = {2020},
	  howpublished  = "\url{https://www.nobelprize.org/prizes/physics/2013/summary/}",
	  note          = {(Accessed: 14th February 2020)},
}

% ---------------------------
% Images from Outreach
% ---------------------------

@unpublished{Outreach1,
	  author        = {Brice, Maximilien et al},
	  title         = {Science museum staff taking part in the ECSITE 2018
	                   conference visit Microcosm },
	  year          = "2018",
	  reportNumber  = "CERN-PHOTO-201806-137",
	  url           = "https://cds.cern.ch/record/2622066"
}

% ---------------------------
% Images from Websites & Miscellaneous
% ---------------------------

@phdthesis{JetGoodson1,
      author        = "J.J.~Goodson",
      title         = "Search for Supersymmetry in States with Large Missing
            Transverse Momentum and Three Leptons including a Z-Boson",
      school        = "Stony Brook University",
      month         = "May",
      doi           = "10.1103/PhysRevLett.108.261804",
      year          = "2012",
      note          = "Presented 17 Apr 2012",
}

@unpublished{JPequenaoParticleID,
      author        = "Joao Pequenao and Paul Schaffner",
      title         = "{How ATLAS detects particles: diagram of particle paths     
                       in the detector}",
      month         = "Jan",
      year          = "2013",
      reportNumber  = "CERN-EX-1301009",
      url           = "https://cds.cern.ch/record/1505342",
}

@unpublished{JPequenaoATLASMSLabel,
      author        = "Joao Pequenao",
      title         = "{Computer generated image of the ATLAS Muons subsystem}",
      month         = "Mar",
      year          = "2008",
      reportNumber  = "CERN-GE-0803017",
      url           = "https://cds.cern.ch/record/1095929",
}

@unpublished{JPequenaoEMHCalo,
      author        = "Joao Pequenao",
      title         = "{Computer Generated image of the ATLAS calorimeter}",
      month         = "Mar",
      year          = "2008",
      reportNumber  = "CERN-GE-0803015",
      url           = "https://cds.cern.ch/record/1095927",
}

@unpublished{JPequenaoInnerDet,
      author        = "Joao Pequenao",
      title         = "{Computer generated image of the ATLAS inner detector}",
      month         = "Mar",
      year          = "2008",
      reportNumber  = "CERN-GE-0803014",
      url           = "https://cds.cern.ch/record/1095926",
}

@misc{ECAL,
      author        = {The ATLAS Collaboration},
      title         = "{Public Liquid-Argon Calorimeter Plots on Detector 
                       Status}",
      year          = "2019",
      url           = "https://twiki.cern.ch/twiki/bin/view/AtlasPublic/LArCaloPublicResultsDetStatus",
}

@misc{CERNaccComp,
	  author        = {"Science Learning Hub"},
	  title         = {"Particle Physics Research"},
	  year          = {2011},
	  howpublished  = "\url{https://www.sciencelearn.org.nz/resources/1724-particle\_physics\_research}", 
	  note          = {(Accessed: 2rd February 2020)}
}

@misc{LHCsatellite,
	  author        = {Sarah Charley},
	  title         = "{The LHC Does a Dry Run}",
	  year          = {2015},
	  howpublished  = "\url{https://www.symmetrymagazine.org/article/march-2015/the-lhc-does-a-dry-run}", 
	  note          = {(Accessed: 2rd February 2020)},
}

@misc{Semiconductor,
	  author        = {KEK Images},
	  title         = "Index of images",
	  year          = {2012},
	  howpublished  = "\url{http://rd.kek.jp/images/SOI_.jpg}",
	  note          = {(Accessed: 22rd February 2020)},
}

@misc{DuPont,
	  author        = {DuPont de Nemours Inc},
	  title         = "Kapton$\textsuperscript{\textregistered}$ Polyimide 
	                   films",
	  year          = {2020},
	  howpublished  = "\url{https://www.dupont.com/electronic-materials/kapton-polyimide-film.html}",
	  note          = {(Accessed: 29th March 2020)},
}

@book{YoungsSlit,
      author        = "Thomas Young",
      title         = "{Experimental Demonstration of the General Law of the
                        Interference of Light}",
      journal       = "{Philosophical Transactions of the Royal Society of
                        London}",
      volume        = "94",
      year          = {1804},
      doi           = "https://doi.org/10.1098/rstl.1804.0001"
}

@book{Dirac1931,
      author        = "Dirac, Paul Adrien Maurice",
      doi           = "10.1098/rspa.1931.0130",
      journal       = "Proc.\ Roy.\ Soc.\ Lond.\ A",
      number        = "821",
      pages         = "60--72",
      reportNumber  = "RX-722",
      title         = "{Quantised Singularities in the Electromagnetic Field,}",
      volume        = "A133",
      year          = "1931"
}

@book{QMLecNotes,
      author        = {Paola Cappellaro},
      title         = {Lecture Notes on Quantum Theory of Radiation
                       Interactions},
      month         = {October},
      year          = {2012},
      publisher     = {MIT OpenCourseWare},
      url           = {https://ocw.mit.edu/courses/nuclear-engineering/22-51-quantum-theory-of-radiation-interactions-fall-2012/lecture-notes/MIT22_51F12_Ch3.pdf}, 
      note          = {(Accessed 11th April 2020)},
}

@misc{GraphPlot,
	  author        = {Transum.org},
	  title         = "Graph Plotter",
	  year          = {2020},
	  howpublished  = "\url{https://www.transum.org/Maths/Activity/Graph/Desmos.asp}",
	  note          = {(Accessed: 1st May 2020)},
}

@misc{FuseID,
	  author        = {AnySilicon},
	  title         = "eFuse IP Core",
	  month         = {July},
	  year          = {2019},
	  howpublished  = "\url{https://anysilicon.com/semipedia/efuse-ip-core/}",
	  note          = {(Accessed: 20th August 2020)},
}

@book{matplotlib,
 	 Author         = {Hunter, J. D.},
 	 Title          = {Matplotlib: A 2D graphics environment},
 	 Journal        = {Computing in Science \& Engineering},
 	 Volume         = {9},
 	 Number         = {3},
  	 Pages          = {90--95},
 	 abstract       = {Matplotlib is a 2D graphics package used for Python for
 	                   application development, interactive scripting, and
 	                   publication-quality image generation across user
 	                   interfaces and operating systems.},
 	 publisher      = {IEEE COMPUTER SOC},
 	 doi            = {10.1109/MCSE.2007.55},
 	 year           = 2007
}


@misc{MCEvent,
	  author        = {SLAC National Accelerator Laboratory},
	  title         = "Simulations",
	  year          = {2020},
	  howpublished  = "\url{https://theory.slac.stanford.edu/our-research/simulations}",
	  note          = {(Accessed: 19th September 2020)},
}

@misc{Forces,
	  author        = {R. Nave},
	  title         = "Simulations",
	  year          = {2020},
	  howpublished  = "\url{http://hyperphysics.phy-astr.gsu.edu/hbase/Forces/couple.html}",
	  note          = {(Accessed: 20th December 2020)},
}