% ---------------------------
% CERN Websites 
% ---------------------------
@misc{hilumi,
	  author 		 = {{CERN}},
	  title 	     = "The {HL-LHC} project",
	  year 			 = {2020},
	  howpublished  = "\url{hilumilhc.web.cern.ch/about/hl-lhc-project}", 
	  note          = {(Accessed February 2nd 2020)},
}

@misc{collab,
	  author         = {{CERN}},
	  title          = {The ATLAS Collaboration},
	  year           = {2020},
	  howpublished   = "\url{atlas.cern/discover/collaboration}", 
	  note           = {(Accessed: 3rd February 2020)},
}

@misc{CERNhistory,
	  author         = {{CERN}},
	  title          = "Where did it all begin?",
	  year           = {2019},
	  howpublished   = "\url{https://home.cern/about/who-we-are/our-history}",
	  note           = {(Accessed: 2nd February 2020)},
}

@misc{CERNmission,
	  author         = {{CERN}},
	  title          = "{Our Mission}",
	  year           = {2020},
	  howpublished   = "\url{https://home.cern/about/who-we-are/our-mission}", 
	  note           = {(Accessed: 2nd February 2020)},
}

@misc{CERNorigins,
	  author         = {{CERN}},
	  title          = "Origins",
	  year           = {2020},
	  howpublished   = "\url{https://timeline.web.cern.ch/origins}", 
	  note           = {(Accessed: 2nd February 2020)},
}

@misc{ThePS,
	  author         = {{CERN}},
	  title          = "{The Proton Synchrotron}",
	  year           = {2020},
	  howpublished   = "\url{https://home.cern/science/accelerators/proton-synchrotron}",
	  note           = {(Accessed: 2nd February 2020)},
}

@misc{TheSPS,
	  author         = {{CERN Courier}},
	  title          = "{Super Proton Synchrotron Marks Its 25th Birthday}",
	  year           = {2001},
	  howpublished   = "\url{https://cerncourier.com/a/super-proton-synchrotron-marks-its-25th-birthday/}", 
	  note           = {(Accessed: 2nd February 2020)},
}

@misc{TheLEPc,
	  author         = {CERN},
	  title          = "{The Large Electron-Positron Collider}",
	  year           = {2020},
	  howpublished   = "\url{https://home.cern/science/accelerators/large-electron-positron-collider}",
	  note           = {(Accessed: 5th February 2020)},
}

@misc{CERNaccCompInfo,
	  author         = {CERN},
	  title          = "{CERN's Accelerator Complex}",
	  year           = {2020},
	  howpublished   = "\url{https://home.cern/science/accelerators/accelerator-complex}", 
	  note           = {(Accessed: 10th February 2020)},
}

@misc{CERNMagnets,
	  author         = {CERN},
	  title          = "{LHC Magnet Types}",
	  year           = {2014},
	  howpublished   = "\url{http://lhc-machine-outreach.web.cern.ch/lhc-machine-outreach/components/magnets/}", 
	  note           ={(Accessed: 11th February 2020)},
}

% Experimental Grey Book Links
% ---------------------------
@misc{ALICE,
	  author         = {CERN},
	  title          = "{ALICE}",
	  year           = {2},
	  howpublished   = "\url{https://greybook.cern.ch/greybook/experiment/detail?id=ALICE}",
	  note           = {(Accessed: 12th February 2020)},
}

@misc{ATLAS,
	  author         = {CERN},
	  title          = "{ATLAS}",
	  year           = {2019},
	  howpublished   = "\url{https://greybook.cern.ch/greybook/experiment/detail?id=ATLAS}",
	  note           = {(Accessed: 12th February 2020)}, 
}

@misc{AMS,
	  author         = {Kevin Kofal},
	  title          = "{AMS}",
	  year           = {2016},
	  howpublished   = "\url{https://ams.nasa.gov/}", 
	  note           = "(Accessed: 12th February 2020)",
}

@misc{CMS,
	  author         = {CERN},
	  title          = "{CMS}",
	  year           = {2019},
	  howpublished   = "\url{https://greybook.cern.ch/greybook/experiment/detail?id=CMS}",
	  note           = {(Accessed: 12th February 2020)},
}


@misc{COMPASS,
	  author         = {CERN},
	  title          = "{COMPASS}",
	  year           = {2019},
	  howpublished   = "\url{https://greybook.cern.ch/greybook/experiment/detail?id=COMPASS}",
	  note           = {(Accessed: 12th February 2020)},
}

@misc{LHCb,
	  author         = {CERN},
	  title          = "{LHC}b",
	  year           = {2019},
	  howpublished   = "\url{https://greybook.cern.ch/greybook/experiment/detail?id=LHCb}",
	  note           = {(Accessed: 12th February 2020)},
}

@misc{LHCf,
	  author         = {CERN},
	  title          = "{LHC}f",
	  year           = {2019},
	  howpublished   = "\url{https://greybook.cern.ch/greybook/experiment/detail?id=LHCf}", 
	  note           = {(Accessed: 12th February 2020)},
}

@misc{MoEDAL,
	  author         = {CERN},
	  title          = "{MoEDAL}",
	  year           = {2019},
	  howpublished   = "\url{https://greybook.cern.ch/greybook/experiment/detail?id=MoEDAL}",
	  note           = {(Accessed: 12th February 2020)},
}

@misc{NA62,
	  author         = {CERN},
	  title          = "{NA}62",
	  year           = {2019},
	  howpublished   = "\url{https://greybook.cern.ch/greybook/experiment/detail?id=NA62}",
	  note           = {(Accessed: 12th February 2020)},
}

@misc{TOTEM,
	  author         = {CERN},
	  title          = "{TOTEM}",
	  year           = {2019},
	  howpublished   = "\url{https://greybook.cern.ch/greybook/experiment/detail?id=TOTEM}",
	  note           = {(Accessed: 12th February 2020)},
}

% ---------------------------
% PDG Booklets
% ---------------------------
@article{PDG2019Update,
      author         = "Tanabashi, M. and others",
      title          = "{Particle Physics Booklet}",
      collaboration  = "Particle Data Group",
      year           = "2018",
      note           = "Extracted from the {Review of Particle Physics}  M.~Tanabashi {\it et al.} (Particle Data Group), Phys.\ Rev.\ D {\bf 98}, no.3 , 030001 (2018) and 2019 update",
      doi            = {http://pdg.lbl.gov/2019/tables/contents_tables.html},
}

@article{PDG2018Booklet,
      author         = "Tanabashi, M. and others",
      title          = "{Particle Physics Booklet}",
      collaboration  = "Particle Data Group",
      year           = "2018",
      note           = "Extracted from the {Review of Particle Physics}  M.~Tanabashi {\it et al.} (Particle Data Group), Phys.\ Rev.\ D {\bf 98}, no.3 , 030001 (2018)",
      doi            = {10.1103/PhysRevD.98.030001},
}

@article{PDG2016Booklet,
      author         = "Patrignani, C. and others",
      title          = "{Particle Physics Booklet}",
      collaboration  = "Particle Data Group",
      year           = "2016",
      note           = "Extracted from the {Review of Particle Physics}  C.~Patrignani {\it et al.} (Particle Data Group), Chin.\ Phys.\ C {\bf 40}, no.10 , 100001 (2016)",
      doi            ={10.1088/1674-1137/40/10/100001},
}

@article{PDG2014Booklet,
      author         = "Olive, K.A. and others",
      title          = "{Particle Physics Booklet}",
      collaboration  = "Particle Data Group",
      publisher      = "Chinese Physics C",   
      year           = "2014",
      note           = "Extracted from the {Review of Particle Physics}  K.A~Olive {\it et al.} (Particle Data Group), Chin.\ Phys.\ C {\bf 38} , 090001 (2014)",
      doi            = {10.1088/1674-1137/38/9/090001}'
}

@article{PDG2012Booklet,
      author         = "Beringer, J. and others",
      title          = "{Particle Physics Booklet}",
      collaboration  = "Particle Data Group",
      publisher      = "{APS} Physics",         
      year           = "2012",   
      note           = "Extracted from the {Review of Particle Physics}  J.~Beringer {\it et al.} (Particle Data Group), Phys.\ Rev.\ D {\bf 86}, 010001 (2012)",
      doi            = {10.1103/PhysRevD.86.010001}
}

@article{PDG2010Booklet,
      author         = "Nakamura, K. and others",
      title          = "{Particle Physics Booklet}",
      collaboration  = "Particle Data Group",
      year           = "2010",
      publisher      = "Institute of Physics Publishing",      
      note           = "Extracted from the {Review of Particle Physics}  K.~Nakamura {\it et al.} (Particle Data Group), Journal of Physics G {\bf 37}, 075021 (2010)",
      doi            = {10.1088/0954-3899/37/7A/075021}
}

@article{PDG2008Booklet,
      author         = "Amsler, C. and others",
      title          = "{Particle Physics Booklet}",
      collaboration  = "Particle Data Group",
      year           = "2008",
      publisher      = "Elsevier",      
      note           = "Extracted from the {Review of Particle Physics}  C.~Amsler {\it et al.} (Particle Data Group), Physics Letters {\bf B 667}, 1 (2008)",
      doi            = {10.1016/j.physletb.2008.07.018}
}

@article{PDG2006Booklet,
      author         = "Yao, Y-M. and others",
      title          = "{Particle Physics Booklet}",
      collaboration  = "Particle Data Group",      
      year           = "2006",
      publisher      = "Institute of Physics Publishing",     
      note           = "Extracted from the {Review of Particle Physics}  Y-M.~Yao {\it et al.} (Particle Data Group), Journal of Physics G {\bf 33}, 1 (2006)",
      doi            = {10.1088/0954-3899/33/1/001}      
}

@article{PDG2002Booklet,
      author         = "Hagiwara, K. and others",
      title          = "{Particle Physics Booklet}",
      collaboration  = "Particle Data Group",
      year           = "2002",
      publisher      = "American Institute of Physics",
      note           = "Extracted from the {Review of Particle Physics}  K.~Hagiwara {\it et al.} (Particle Data Group), Phys.\ Rev.\ D {\bf 66}, 010001 (2002)",
      doi            = {10.1103/PhysRevD.66.010001}  
}

@article{PDG2000Booklet,
      author         = "Groom, D.E. and others",
      title          = "{Particle Physics Booklet}",
      collaboration  = "Particle Data Group",
      year           = "2000",
      publisher      = "Springer",
      note           = "Extracted from the {Review of Particle Physics}  D.E.~Groom {\it et al.} (Particle Data Group), The European Physical Journal {\bf C15}, 1 (2000)",
      url   = "\url{https://cds.cern.ch/record/788143}"  
}

@article{PDG1998Booklet,
      author         = "Caso, C. and others",
      title          = "{Particle Physics Booklet}",
      collaboration  = "Particle Data Group",
      year           = "1998",
      publisher      = "Springer",
      note           = "Extracted from the {Review of Particle Physics}  C.~Caso {\it et al.} (Particle Data Group), The European Physical Journal {\bf C3}, 1 (1998)",
      doi            = {10.1007/s10052-998-0104-x}  
}

@article{PDG1994Booklet,
      author         = "Aguilar-Benitez, M. and others",
      title          = "{Particle Physics Booklet}",
      collaboration  = "Particle Data Group",
      year           = "1994",
      publisher      = "American Institute of Physics",     
      note           = "Extracted from the {Review of Particle Properties}  M.~Aguilar-Benitez {\it et al.} (Particle Data Group), Physical Review {\bf D50}, 1173 (1994)",
      doi            = {10.1103/PhysRevD.50.1173}  
}
% ---------------------------
% Technical Design Reports, Letter of Intents and Detector Specs.
% ---------------------------
@article{LOI,
	  author         = {\relax The {ATLAS} Collaboration},
	  title          = "{ATLAS Phase II Letter of Intent}",
	  year           = "2013",
      Reference   = "CERN-LHCC-2012-022-LHCC-1-022",
}

@techreport{ITKTDR,
      author        = {\relax The {ATLAS} Collaboration},
      title         = "{Technical Design Report for the ATLAS Inner Tracker Strip
                       Detector}",
      institution   = "CERN",
      address       = "Geneva",
      number        = "CERN-LHCC-2017-005. ATLAS-TDR-025",
      month         = "Apr",
      year          = "2017",
      reportNumber  = "CERN-LHCC-2017-005",
      url           = "http://cds.cern.ch/record/2257755",
}

@book{ATLASDetInfo1997,
      title         = "{ATLAS inner detector: Technical Design Report, 1}",
      publisher     = "CERN",
      collaboration = "ATLAS Collaboration",
      address       = "Geneva",
      series        = "Technical Design Report ATLAS",
      year          = "1997",
      reportNumber  = "CERN-LHCC-97-016",
      url           = "https://cds.cern.ch/record/331063",
}

@article{ATLASDetInfo2008,
      author         = "Aad, G. and others",
      title          = "{The ATLAS Experiment at the CERN Large Hadron Collider}",
      collaboration  = "ATLAS",
      journal        = "JINST",
      volume         = "3",
      year           = "2008",
      pages          = "S08003",
      doi            = "10.1088/1748-0221/3/08/S08003",
      SLACcitation   = "%%CITATION = JINST,3,S08003;%%"
}

@article{ATLASSCTPix2014,
    author = "Aad, Georges and others",
    archivePrefix = "arXiv",
    collaboration = "ATLAS",
    doi = "10.1088/1748-0221/9/08/P08009",
    eprint = "1404.7473",
    journal = "JINST",
    pages = "P08009",
    primaryClass = "hep-ex",
    reportNumber = "CERN-PH-EP-2014-049",
    title = "{Operation and performance of the ATLAS semiconductor tracker}",
    volume = "9",
    year = "2014"
}

@article{IBL2018,
    author = "Abbott, B. and others",
    archivePrefix = "arXiv",
    collaboration = "ATLAS IBL",
    doi = "10.1088/1748-0221/13/05/T05008",
    eprint = "1803.00844",
    journal = "JINST",
    number = "05",
    pages = "T05008",
    primaryClass = "physics.ins-det",
    title = "{Production and Integration of the ATLAS Insertable B-Layer}",
    volume = "13",
    year = "2018"
}

@article{MuonSpec,
      author         = "Aad, Georges and others",
      title          = "{Resolution of the ATLAS muon spectrometer monitored
                        drift tubes in LHC Run 2}",
      collaboration  = "ATLAS",
      journal        = "JINST",
      volume         = "14",
      year           = "2019",
      number         = "09",
      pages          = "P09011",
      doi            = "10.1088/1748-0221/14/09/P09011",
      eprint         = "1906.12226",
      archivePrefix  = "arXiv",
      primaryClass   = "hep-ex",
      reportNumber   = "CERN-EP-2019-091",
      SLACcitation   = "%%CITATION = ARXIV:1906.12226;%%"
}

@article{MuonSpecCS,
      author         = "Aad, Georges and others",
      title          = "{Performance of the ATLAS muon trigger in pp collisions
                        at $\sqrt{s}=8$ TeV}",
      collaboration  = "ATLAS",
      journal        = "Eur. Phys. J.",
      volume         = "C75",
      year           = "2015",
      pages          = "120",
      doi            = "10.1140/epjc/s10052-015-3325-9",
      eprint         = "1408.3179",
      archivePrefix  = "arXiv",
      primaryClass   = "hep-ex",
      reportNumber   = "CERN-PH-EP-2014-154",
      SLACcitation   = "%%CITATION = ARXIV:1408.3179;%%"
}

@book{MagnetTDR,
      title         = "{ATLAS magnet system: Technical Design Report, 1}",
      publisher     = "CERN",
      collaboration = "ATLAS Collaboration",
      address       = "Geneva",
      series        = "Technical Design Report ATLAS",
      year          = "1997",
      reportNumber  = "CERN-LHCC-97-018",
      url           = "http://cds.cern.ch/record/338080",
}

@book{BarrelToroidTDR,
      author        = "Badiou, J P and Beltramelli, J and Baze, J M and Belorgey,
                       J",
      title         = "{ATLAS barrel toroid: Technical Design Report}",
      publisher     = "CERN",
      collaboration = "ATLAS Collaboration",
      address       = "Geneva",
      series        = "Technical Design Report ATLAS",
      year          = "1997",
      reportNumber  = "CERN-LHCC-97-019",
      url           = "http://cds.cern.ch/record/331065",
      note          = "Electronic version not available",
}

@book{EndcapToroidTDR,
      title         = "{ATLAS end-cap toroids: Technical Design Report}",
      publisher     = "CERN",
      collaboration = "ATLAS Collaboration",
      address       = "Geneva",
      series        = "Technical Design Report ATLAS",
      year          = "1997",
      reportNumber  = "CERN-LHCC-97-020",
      url           = "http://cds.cern.ch/record/331066",
      note          = "Electronic version not available",
}

@techreport{TRTPaper,
      author        = "Vogel, A",
      title         = "{ATLAS Transition Radiation Tracker (TRT): Straw Tube
                       Gaseous Detectors at High Rates}",
      institution   = "CERN",
      address       = "Geneva",
      number        = "ATL-INDET-PROC-2013-005",
      month         = "Apr",
      year          = "2013",
      reportNumber  = "ATL-INDET-PROC-2013-005",
      url           = "https://cds.cern.ch/record/1537991",
}

@article{ATLASTDAQ,
    author = "Abolins, M. and others",
    collaboration = "ATLAS TDAQ",
    doi = "10.1088/1748-0221/11/06/P06008",
    journal = "JINST",
    number = "06",
    pages = "P06008",
    title = "{The ATLAS Data Acquisition and High Level Trigger system}",
    volume = "11",
    year = "2016"
}
% ---------------------------
% ATLAS Big Papers, Internal Notes and Conf Notes 
% ---------------------------

@article{ATLASHiggsDisc,
      author         = "Aad, Georges and others",
      title          = "{Observation of a new particle in the search for the
                        Standard Model Higgs boson with the ATLAS detector at the
                        LHC}",
      collaboration  = "ATLAS",
      journal        = "Phys. Lett.",
      volume         = "B716",
      year           = "2012",
      pages          = "1-29",
      doi            = "10.1016/j.physletb.2012.08.020",
      eprint         = "1207.7214",
      archivePrefix  = "arXiv",
      primaryClass   = "hep-ex",
      reportNumber   = "CERN-PH-EP-2012-218",
      SLACcitation   = "%%CITATION = ARXIV:1207.7214;%%"
}

@article{CMSHiggsDisc,
      author         = "Chatrchyan, Serguei and others",
      title          = "{Observation of a new boson at a mass of 125 GeV with the
                        CMS experiment at the LHC}",
      collaboration  = "CMS",
      journal        = "Phys. Lett.",
      volume         = "B716",
      year           = "2012",
      pages          = "30-61",
      doi            = "10.1016/j.physletb.2012.08.021",
      eprint         = "1207.7235",
      archivePrefix  = "arXiv",
      primaryClass   = "hep-ex",
      reportNumber   = "CMS-HIG-12-028, CERN-PH-EP-2012-220",
      SLACcitation   = "%%CITATION = ARXIV:1207.7235;%%"
}

@article{DiscPaper,
      author         = "Aaboud, Morad and others",
      title          = "{Observation of $H \rightarrow b\bar{b}$ decays and $VH$
                        production with the ATLAS detector}",
      collaboration  = "ATLAS",
      journal        = "Phys. Lett.",
      volume         = "B786",
      year           = "2018",
      pages          = "59-86",
      doi            = "10.1016/j.physletb.2018.09.013",
      eprint         = "1808.08238",
      archivePrefix  = "arXiv",
      primaryClass   = "hep-ex",
      reportNumber   = "CERN-EP-2018-215",
      SLACcitation   = "%%CITATION = ARXIV:1808.08238;%%"
}


% ---------------------------
% Statistics
% ---------------------------
@article{Cowan:2010js,
      author         = "Cowan, Glen and Cranmer, Kyle and Gross, Eilam and
                        Vitells, Ofer",
      title          = "{Asymptotic formulae for likelihood-based tests of new
                        physics}",
      journal        = "Eur. Phys. J.",
      volume         = "C71",
      year           = "2011",
      pages          = "1554",
      doi            = "10.1140/epjc/s10052-011-1554-0,
                        10.1140/epjc/s10052-013-2501-z",
      note           = "[Erratum: Eur. Phys. J.C73,2501(2013)]",
      eprint         = "1007.1727",
      archivePrefix  = "arXiv",
      primaryClass   = "physics.data-an",
      SLACcitation   = "%%CITATION = ARXIV:1007.1727;%%"
}

% ---------------------------
% Tracking
% ---------------------------
@article{KalmanFilter,
      author         = "Fruhwirth, R.",
      title          = "{Application of Kalman filtering to track and vertex
                        fitting}",
      journal        = "Nucl. Instrum. Meth.",
      volume         = "A262",
      year           = "1987",
      pages          = "444-450",
      doi            = "10.1016/0168-9002(87)90887-4",
      reportNumber   = "HEPHY-PUB-87-503",
      SLACcitation   = "%%CITATION = NUIMA,A262,444;%%"
}

@article{ChiSquaredTrackFitter,
      author         = "Cornelissen, Thijs G. and Elsing, M. and Gavrilenko, I.
                        and Laporte, J. F. and Liebig, W. and Limper, M. and
                        Nikolopoulos, K. and Poppleton, A. and Salzburger, A.",
      title          = "{The global chi**2 track fitter in ATLAS}",
      booktitle      = "{Proceedings, 16th International Conference on Computing
                        in High Energy and Nuclear Physics (CHEP 2007): Victoria,
                        Canada, September 2-7, 2007}",
      journal        = "J. Phys. Conf. Ser.",
      volume         = "119",
      year           = "2008",
      pages          = "032013",
      doi            = "10.1088/1742-6596/119/3/032013",
      SLACcitation   = "%%CITATION = 00462,119,032013;%%"
}

@misc{TrackEff,
	  title          = {},
	  howpublished   = "\url{https://atlas.web.cern.ch/Atlas/GROUPS/PHYSICS/PUBNOTES/ATL-PHYS-			           PUB-2015-051/fig_01a.png}",
      note           = {Accessed: 15-08-2017},
}

@misc{TracksVsMu,
	  title          = {},
	  howpublished   = "\url{https://atlas.web.cern.ch/Atlas/GROUPS/PHYSICS/PUBNOTES/ATL-PHYS-PUB-2015-051/fig_02a.png}",
	  note           = {Accessed: 15-08-2017},
}

@article{FakeRatePubOld,
	  author         = "{The ATLAS Collaboration}",
	  title          = "{Early Inner Detector Tracking Performance in the 2015 Data at sqrt(s) = 13 TeV}",
	  year           = "2015",
	  Reference      = "ATL-PHYS-PUB-2015-051"
}

@article{FakeRatePub,
	  author         = "{The ATLAS Collaboration}",
	  title          = "{Modelling of Track Reconstruction Inside Jets with the 2016 ATLAS sqrt(s) = 13 TeV pp Dataset}",
	  year           = "2017",
	  Reference      = "ATL-PHYS-PUB-2017-016"
}


@misc{FakeRatePlot,
	  title 		  = {},
	  howpublished   = "\url{http://atlas.web.cern.ch/Atlas/GROUPS/PHYSICS/PUBNOTES/ATL-PHYS-PUB-2015-051/fig_02b.png}",
	  note           = {Accessed: 24-08-2017},
}

% ---------------------------
% Analysis Internal
% ---------------------------
@article{VHresoObject,
      author         = {Aad, Georges {\it et al}},
      collaboration  = "{ATLAS}",
      title          = "{Object Definitions and Selections for Standard Model $VH \to ll/l\nu/\nu\nu$ + b$\bar{b}$}",
      journal        = "{ATL-COM-PHYS-2018-517}",
      year           = "2018",
      url            = "https://cds.cern.ch/record/2317182",
}

@misc{ATLASRun1Lumi,
      author         = {"The {ATLAS} Collaboration"},
	  title 		  = {"Luminosity Public Results"},
      year           = 2013,	  
	  howpublished   = "\url{https://twiki.cern.ch/twiki/bin/view/AtlasPublic/LuminosityPublicResults}", 
	  note           = {(Accessed: 18th March 2020)},
}

@misc{ATLASRun2Lumi,
      author         = {\relax  The {ATLAS} Collaboration},
	  title 		  = {"Luminosity Public Results Run2"},
      year           = 2019,	  
	  howpublished   = "\url{https://twiki.cern.ch/twiki/bin/view/AtlasPublic/LuminosityPublicResultsRun2}", 
	  note           = {(Accessed: 14th February 2020)},
}

% ---------------------------
% Trigger and Reconstruction
% ---------------------------
@article{Aad:2019wsl,
      author         = "Aad, Georges and others",
      title          = "{Performance of electron and photon triggers in ATLAS
                        during LHC Run 2}",
      collaboration  = "ATLAS",
      year           = "2019",
      eprint         = "1909.00761",
      journal        = "",
      archivePrefix  = "arXiv",
      primaryClass   = "hep-ex",
      reportNumber   = "CERN-EP-2019-169",
      SLACcitation   = "%%CITATION = ARXIV:1909.00761;%%"
}

@techreport{Morgenstern:2318500,
      author        = "Morgenstern, Marcus and Owen, Mark",
      title         = "{Muon trigger efficiency in early 2018 data taking}",
      institution   = "CERN",
      address       = "Geneva",
      number        = "ATL-COM-DAQ-2018-047",
      month         = "May",
      year          = "2017",
      reportNumber  = "ATL-COM-DAQ-2018-047",
      url           = "https://cds.cern.ch/record/2318500",
}

@techreport{CERNIncident,
      author        = "CERN",
      title         = "{Interim Summary Report on the Analysis of the 19 September 2008 Indicent at the LHC}",
      institution   = "CERN",
      address       = "Geneva",
      number        = "ATL-COM-DAQ-2018-047",
      month         = "October",
      year          = "2008",
      reportNumber  = "EDMS 973073",
      url           = "https://edms.cern.ch/ui/file/973073/1/Report_on_080919_incident_at_LHC__2_.pdf",
}
% ---------------------------
% Other Papers 
% ---------------------------
@article{LumiDet,
      author         = "Grafstr\''om, P. and Kozanecki, W.",
      title          = "{Luminosity determination at proton colliders}",
      journal        = "Prog. Part. Nucl. Phys.",
      volume         = "81",
      year           = "2015",
      pages          = "97-148",
      doi            = "10.1016/j.ppnp.2014.11.002",
      SLACcitation   = "%%CITATION = PPNPD,81,97;%%"
}

@misc{Bragg,
  	  author       = {Bragg, W. H. and Kleeman, R.},
  	  title        = {{XXXIX. On the $\alpha$ particles of radium, and their 
                   loss of range in passing through various atoms and
                   molecules}},
  	  month        = sep,
  	  year         = 1905,
 	  publisher    = {Zenodo},
 	  doi          = {10.1080/14786440509463378},
 	  url          = {https://doi.org/10.1080/14786440509463378}
}

@misc{TRT,
  	  author       = {Yaun, C. L. L.},
  	  title        = {{Some New Developments On Transition Radiation Detectors
for High-Energy Particles }},
  	  month        = oct,
      year         = 1974,
    	  journal      = {FERMILAB-CONF-75-111-E},
  	  doi          = {10.1080/14786440509463378},
  	  url          = {https://lss.fnal.gov/archive/1975/conf/fermilab-conf-75-111-e.pdf}
}

@techreport{FuckingTaus,
      title         = "{Identification of hadronic tau lepton decays using neural
                       networks in the ATLAS experiment}",
      institution   = "CERN",
      collaboration = "ATLAS Collaboration",
      address       = "Geneva",
      number        = "ATL-PHYS-PUB-2019-033",
      month         = "Aug",
      year          = "2019",
      reportNumber  = "ATL-PHYS-PUB-2019-033",
      url           = "https://cds.cern.ch/record/2688062",
}

% ---------------------------
% TextBooks 
% ---------------------------

@article{HiggsMass,
      author         = "Aad, Georges and others",
      title          = "{Combined Measurement of the Higgs Boson Mass in $pp$
                        Collisions at $\sqrt{s}=7$ and 8 TeV with the ATLAS and
                        CMS Experiments}",
      booktitle      = "{Proceedings, Meeting of the APS Division of Particles
                        and Fields (DPF 2015): Ann Arbor, Michigan, USA, 4-8 Aug
                        2015}",
      collaboration  = "ATLAS, CMS",
      journal        = "Phys. Rev. Lett.",
      volume         = "114",
      year           = "2015",
      pages          = "191803",
      doi            = "10.1103/PhysRevLett.114.191803",
      eprint         = "1503.07589",
      archivePrefix  = "arXiv",
      primaryClass   = "hep-ex",
      reportNumber   = "ATLAS-HIGG-2014-14, CMS-HIG-14-042, CERN-PH-EP-2015-075",
      SLACcitation   = "%%CITATION = ARXIV:1503.07589;%%"
}


@article{Hartmann,
      author         = "Hartmann, Frank",
      title          = "{Evolution of Silicon Sensor Technology in Particle
                        Physics}",
      journal        = "Springer Tracts Mod. Phys.",
      volume         = "231",
      year           = "2009",
      pages          = "1-204",
      SLACcitation   = "%%CITATION = STPHB,231,1;%%"
}

@article{Landau,
      author         = "Landau, L.",
      title          = "{On the energy loss of fast particles by ionization}",
      journal        = "J. Phys.(USSR)",
      volume         = "8",
      year           = "1944",
      pages          = "201-205",
      SLACcitation   = "%%CITATION = JOPYA,8,201;%%"
}

@book{Wollnick,
      author         = "Wollnik, H.",
      title          = "{Optics of Charged Particles}",
      edition        = "1st",
      publisher      = "Academic Press",
      year           = "1987",
      pages          = "33,57"
}

@book{Bettini,
      author         = "Bettini, Alessandro",
      title          = "{Introduction to elementary particle physics}",
      url            = "http://www.cambridge.org/catalogue/catalogue.asp?isbn=9780521880213",
      journal        = "Cambridge, UK: Univ. Pr. (2008) 431 p",
      year           = "2008",
      ISBN           = "9780521880213",
      SLACcitation   = "%%CITATION = INSPIRE-839696;%%"
}

@book{Spieler,
    author           = "Spieler, Helmuth",
    address          = "Oxford",
    isbn             = "978-0-19-852784-8",
    publisher        = "Oxford University Press",
    series           = "Semiconductor Science and Technology",
    title            = "{Semiconductor Detector Systems}",
    volume           = "v.12",
    year             = "2005"
}

@book{Relativity,
      author         = "Einstein, Albert",
      editor         = "Lawson, R.W",
      title          = "{Einstein: Relativity}",
      publisher      = "Routledge Classics, London",
      year           = "2012",
      ISBN           = "9780415253840"
}

@book{SchwartzQFT,
    author           = "Schwartz, Matthew D.",
    isbn             = "978-1-107-03473-0, 978-1-107-03473-0",
    month            = "3",
    publisher        = "Cambridge University Press",
    title            = "{Quantum Field Theory and the Standard Model}",
    year             = "2014"
}

@article{ChengandLiGroups,
	author           = {Cheng, Ta-Pei and Li, Ling-Fong and Gross, David},
	year             = {1985},
	month            = {01},
	title            = "{Gauge Theory of Elementary Particle Physics}",
	volume           = {38},
	journal          = {Physics Today - PHYS TODAY},
	doi              = {10.1063/1.2814821}
}

@book{Srednicki,
    author = "Srednicki, M.",
    isbn = "978-0-521-86449-7, 978-0-511-26720-8",
    month = "1",
    publisher = "Cambridge University Press",
    title = "{Quantum field theory}",
    year = "2007"
}

@article{Higgs,
    author = "Higgs, Peter W.",
    editor = "Taylor, J.C.",
    doi = "10.1103/PhysRevLett.13.508",
    journal = "Phys. Rev. Lett.",
    pages = "508--509",
    title = "{Broken Symmetries and the Masses of Gauge Bosons}",
    volume = "13",
    year = "1964"
}

@article{EnglertBrout,
    author = "Englert, F. and Brout, R.",
    editor = "Taylor, J.C.",
    doi = "10.1103/PhysRevLett.13.321",
    journal = "Phys. Rev. Lett.",
    pages = "321--323",
    title = "{Broken Symmetry and the Mass of Gauge Vector Mesons}",
    volume = "13",
    year = "1964"
}

@article{GuralnikHagenKibble,
    author = "Guralnik, G.S. and Hagen, C.R. and Kibble, T.W.B.",
    editor = "Taylor, J.C.",
    doi = "10.1103/PhysRevLett.13.585",
    journal = "Phys. Rev. Lett.",
    pages = "585--587",
    title = "{Global Conservation Laws and Massless Particles}",
    volume = "13",
    year = "1964"
}

% ---------------------------
% Nobel Prize References
% ---------------------------
@misc{1979NobelPrize,
	  author         = {\relax Nobel Media AB},
	  title          = "{The Nobel Prize in Physics 1979}",
	  year           = {2020},
	  howpublished   = "\url{https://www.nobelprize.org/prizes/physics/1979/summary/}", 
	  note           = {(Accessed: 2rd February 2020)},
}

@misc{1984NobelPrize,
	  author         = {\relax Nobel Media AB},
	  title          = "{The Nobel Prize in Physics 1984}",
	  year           = {2020},
	  howpublished   = "\url{https://www.nobelprize.org/prizes/physics/1984/summary/}",
	  note           = {(Accessed: 12th February 2020)},
}

@misc{2013NobelPrize,
	  author         = {\relax Nobel Media AB},
	  title          = "{The Nobel Prize in Physics 2013}",
	  year           = {2020},
	  howpublished   = "\url{https://www.nobelprize.org/prizes/physics/2013/summary/}",
	  note           = {(Accessed: 14th February 2020)},
}

% ---------------------------
% Images from Outreach
% ---------------------------

@unpublished{Outreach1,
	  author         = {Brice, Maximilien et al},
	  title          = {Science museum staff taking part in the ECSITE 2018 conference visit Microcosm },
	  year           = "2018",
	  reportNumber   = "CERN-PHOTO-201806-137",
	  url            = "https://cds.cern.ch/record/2622066"
}

% ---------------------------
% Images from Websites & Miscellaneous
% ---------------------------

@phdthesis{JetGoodson1,
  author = "J.J.~Goodson",
  title  = "Search for Supersymmetry in States with Large Missing
            Transverse Momentum and Three Leptons including a Z-Boson",
  school = "Stony Brook University",
  month  = "May",
  year   = "2012",
  note   = "Presented 17 Apr 2012",
}

@unpublished{JPequenaoParticleID,
      author        = "Joao Pequenao and Paul Schaffner",
      title         = "{How ATLAS detects particles: diagram of particle paths in
                       the detector}",
      month         = "Jan",
      year          = "2013",
      reportNumber  = "CERN-EX-1301009",
      url           = "https://cds.cern.ch/record/1505342",
}

@unpublished{JPequenaoATLASMSLabel,
      author        = "Joao Pequenao",
      title         = "{Computer generated image of the ATLAS Muons subsystem}",
      month         = "Mar",
      year          = "2008",
      reportNumber  = "CERN-GE-0803017",
      url           = "https://cds.cern.ch/record/1095929",
}

@unpublished{JPequenaoEMHCalo,
      author        = "Joao Pequenao",
      title         = "{Computer Generated image of the ATLAS calorimeter}",
      month         = "Mar",
      year          = "2008",
      reportNumber  = "CERN-GE-0803015",
      url           = "https://cds.cern.ch/record/1095927",
}

@unpublished{JPequenaoInnerDet,
      author        = "Joao Pequenao",
      title         = "{Computer generated image of the ATLAS inner detector}",
      month         = "Mar",
      year          = "2008",
      reportNumber  = "CERN-GE-0803014",
      url           = "https://cds.cern.ch/record/1095926",
}

@misc{ECAL,
      author        = {The ATLAS Collaboration},
      title         = "{Public Liquid-Argon Calorimeter Plots on Detector Status}",
      year          = "2019",
      url           = "https://twiki.cern.ch/twiki/bin/view/AtlasPublic/LArCaloPublicResultsDetStatus",
}

@misc{CERNaccComp,
	  author         = {"Science Learning Hub"},
	  title          = {"Particle Physics Research"},
	  year           = {2011},
	  howpublished   = "\url{https://www.sciencelearn.org.nz/resources/1724-particle\_physics\_research}", 
	  note           = {(Accessed: 2rd February 2020)}
}

@misc{LHCsatellite,
	  author         = {Sarah Charley},
	  title          = "{The LHC Does a Dry Run}",
	  year           = {2015},
	  howpublished   = "\url{https://www.symmetrymagazine.org/article/march-2015/the-lhc-does-a-dry-run}", 
	  note           = {(Accessed: 2rd February 2020)},
}

@misc{Semiconductor,
	  author         = {KEK Images},
	  title          = "Index of images",
	  year           = {2012},
	  howpublished   = "\url{http://rd.kek.jp/images/SOI\_.jpg }",
	  note           = {(Accessed: 22rd February 2020)},
}

@misc{DuPont,
	  author         = {DuPont de Nemours Inc},
	  title          = "Kapton$\textsuperscript{\textregistered}$ Polyimide films",
	  year           = {2020},
	  howpublished   = "\url{https://www.dupont.com/electronic-materials/kapton-polyimide-film.html }",
	  note           = {(Accessed: 29th March 2020)},
}

@article{YoungsSlit,
      author         = "Thomas Young",
      title          = "{Experimental Demonstration of the General Law of the Interference of Light}",
      journal        = "{Philosophical Transactions of the Royal Society of London}",
      volume         = "94",
      year           = {1804},
      doi            = "https://doi.org/10.1098/rstl.1804.0001"
}

@article{Dirac1931,
      author = "Dirac, Paul Adrien Maurice",
      doi = "10.1098/rspa.1931.0130",
      journal = "Proc.\ Roy.\ Soc.\ Lond.\ A",
      number = "821",
      pages = "60--72",
      reportNumber = "RX-722",
      title = "{Quantised Singularities in the Electromagnetic Field,}",
      volume = "A133",
      year = "1931"
}

@article{QMLecNotes,
      author        = {Paola Cappellaro},
      title         = {Lecture Notes on Quantum Theory of Radiation Interactions},
      month         = {October},
      year          = {2012},
  	  publisher     = {MIT OpenCourseWare},
  	  doi           = {https://ocw.mit.edu/courses/nuclear-engineering/22-51-quantum-theory-of-radiation-interactions-fall-2012/lecture-notes/MIT22\_51F12\_Ch3.pdf 
	  note          = (Accessed 11th April 2020)},
}

@misc{GraphPlot,
	  author         = {Transum.org},
	  title          = "Graph Plotter",
	  year           = {2020},
	  howpublished   = "\url{https://www.transum.org/Maths/Activity/Graph/Desmos.asp}",
	  note           = {(Accessed: 1st May 2020)},
}
